2970 5002
214 303 261 372 'ie

221 462 306 509 verr.
326 445 398 527 lep.
413 451 442 508 et
458 441 604 524 Proplret.
621 443 739 507 scribit:
757 462 775 504 ο
790 440 830 509 ill
840 440 1033 523 principium
1050 442 1096 506 sit
1117 450 1155 504 es
1178 455 1245 522 quo
1270 455 1351 504 esse
1373 457 1445 506 coe·

225 557 385 632 eperunt.
407 549 477 613 Nou
499 548 585 612 enim
610 549 676 612 [leo
690 551 857 613 coaeterna
870 565 996 628 semper
1013 549 1155 627 luerunt,
1175 547 1232 610 sed
1256 549 1362 611 laeta:
1389 547 1445 610 ini·

222 678 241 722 r<
257 661 336 721 tium
351 674 390 720 ex
403 673 467 736 quo
483 674 552 719 esse
568 658 746 737 inciperent
756 663 956 738 acceperuut.
972 655 1216 718 »Tertullianus
1232 655 1383 734 primam
1394 655 1446 719 Ge·

218 781 334 829 nereos
362 781 471 827 vocem
493 752 717 843 interpretatur
729 783 750 826 a
761 763 945 847 primordio,
961 763 1077 826 Goniru
1089 761 1188 824 liure.
1204 760 1237 823 L.
1255 759 1282 823 Ι.
1300 760 1341 824 C.
1358 760 1400 824 X:
1417 769 1443 824 et

221 878 332 934 contro
344 871 487 950 Hermop.
501 869 619 934 nillil.
629 871 683 950 ait,
699 871 894 953 Principium
908 869 1035 933 initium
1049 886 1128 946 essa·
1141 875 1170 931 ei
1185 872 1382 950 competisse
1396 875 1439 937 ito

217 980 294 1060 poni
307 981 400 1040 rebus
414 976 632 1057 incipientibus
643 980 764 1060 perd...
781 981 831 1041 liu
842 978 1033 1065 principium
1046 977 1112 1040 siue
1128 976 1265 1055 initium,
1284 979 1440 1060 inceptio·

219 1087 272 1148 nis
286 1102 352 1149 esse
363 1086 504 1158 uerbum,
517 1103 576 1149 nou
590 1086 727 1151 alicuius
738 1087 933 1152 substantiae
953 1103 1072 1150 nomen.
1098 1085 1234 1166 cyrillus
1257 1085 1435 1150 Alexandr.

223 1194 328 1271 docet,
345 1193 452 1259 Mosen
467 1195 604 1259 voluisse
617 1196 796 1275 ostendere,
809 1213 873 1259 nou
889 1211 995 1257 carere
1007 1192 1163 1274 principio
1185 1192 1317 1256 coelum
1332 1201 1366 1258 et
1382 1201 1440 1257 ter·

223 1319 308 1383 rani,
323 1321 382 1367 nec
393 1303 503 1366 eadem
517 1318 594 1367 cum
608 1303 674 1366 lieo
688 1305 874 1367 aeternitate
884 1309 1038 1380 constare,
1052 1302 1107 1365 sed
1126 1303 1159 1364 in
1174 1308 1325 1381 tempore
1335 1303 1436 1384 potius

219 1410 255 1473 in
268 1411 371 1472 lucem
387 1412 541 1493 prodiisse
559 1410 586 1474 1.
603 1412 704 1488 Addo,
722 1414 819 1477 Cone.
831 1412 932 1476 Later.
948 1413 986 1475 lv
1001 1411 1020 1464 Ι
1038 1413 1192 1490 sanxisse,
1208 1409 1316 1475 Deum
1329 1408 1371 1475 ab
1384 1410 1437 1475 ini·

215 1519 269 1613 ‘tio
283 1520 432 1613 temporis
446 1527 613 1602 utramque
626 1521 666 1582 de
677 1521 778 1584 nihilo
792 1528 969 1585 creaturam
983 1521 1173 1600 condidisse,
1198 1519 1382 1598 angelicam
1393 1519 1435 1582 ri-

222 1625 338 1689 delicet
349 1625 596 1689 ermundamm:
624 1627 729 1719 inqua
753 1622 948 1707 delinitione,
974 1626 1047 1690 licet
1069 1625 1198 1689 Genesis
1224 1641 1293 1690 non
1318 1624 1439 1704 citetur,

102 1782 107 1791 .
223 1741 329 1796 tamen
343 1734 395 1796 via
409 1741 464 1796 rut
479 1751 519 1798 ne
531 1735 582 1796 vix
596 1734 726 1814 quidem
741 1734 875 1799 dubium
896 1752 965 1798 esse
987 1741 1104 1814 puteat,
1122 1735 1199 1814 quin
1214 1733 1351 1798 concilii
1382 1733 1434 1797 Pr.

219 1842 256 1904 in
271 1842 340 1904 elus
354 1857 480 1904 versum
495 1839 633 1921 primum
648 1841 758 1905 oeulos
774 1842 977 1908 intenderint.

264 1949 359 2012 llllll.
376 1928 550 2012 Fatendum
557 1958 617 2030 est,
632 1951 716 2031 apud
732 1950 881 2033 antiquos
896 1951 1111 2030 pervulgatam
1126 1950 1334 2030 multumque
1347 1962 1436 2015 com·
1481 1932 1483 2007 Ξ

225 2074 356 2121 munem
367 2060 550 2139 opinionem
563 2059 672 2140 inisse,
684 2059 838 2142 principii
850 2060 1063 2141 appellatione
1078 2060 1139 2124 lroc
1154 2061 1225 2123 loeo
1245 2057 1383 2122 Verbum
1396 2059 1437 2120 si-

224 2164 380 2245 gnificari,
395 2166 460 2229 sive
474 2167 600 2240 Filium,
614 2169 756 2244 quamvis
769 2167 850 2231 benc
872 2166 1339 2249 interpretationem'excludat
1350 2165 1434 2229 ioan·

136 2352 137 2355 Ἴ
221 2289 280 2336 nes
293 2273 490 2354 Philoponus
504 2271 533 2338 ³.
554 2276 623 2341 lmo
636 2278 679 2339 ltu
692 2276 754 2354 legi
774 2277 809 2340 in'
822 2275 967 2367 hebraeis
982 2275 1143 2340 codicibus
1157 2272 1267 2356 aliqui,
1281 2273 1438 2355 Hiemny·

221 2396 278 2444 mo
300 2371 423 2463 ⁴teste,
438 2384 643 2460 affirmabant,
666 2401 747 2465 quos
772 2384 914 2448 relellere
937 2400 1055 2448 vanum
1078 2382 1172 2448 ioret.
1195 2380 1317 2446 'lamen
1334 2381 1438 2464 opinio

221 2487 301 2549 bare
313 2497 345 2551 et
357 2507 420 2553 non
435 2491 675 2555 contemnendis
688 2494 896 2572 argumentis,
910 2501 941 2554 et
957 2492 1124 2556 auctorum
1140 2506 1287 2568 numero,
1303 2498 1338 2555 el
1355 2490 1436 2554 anti·

225 2602 346 2678 quitate
361 2616 395 2662 se
410 2606 528 2662 tuetur.
550 2601 717 2681 erpuino,
733 2600 824 2664 lateri
847 2602 1012 2677 debemus,
1029 2617 1123 2682 posse
1138 2602 1198 2665 boc
1214 2599 1246 2663 in
1270 2599 1346 2667 loco
1368 2601 1434 2666 roci

221 2705 270 2765 illi
286 2705 367 2767 baruc
381 2707 544 2770 notionem
559 2707 700 2770 subesse.
715 2708 775 2770 Per
789 2707 889 2789 ipsam
904 2709 988 2770 anim
1002 2723 1115 2772 cunero
1126 2707 1319 2789 quaudoque
1337 2707 1432 2787 sigui·

219 2811 349 2888 abeatur.
365 2813 479 2878 Filium
501 2822 606 2879 autem
620 2815 686 2897 llei,
700 2815 839 2879 Verbum
862 2826 1039 2895 aeternum,
1055 2819 1198 2895 omnium
1218 2823 1436 2880 ereaturarum

220 2933 370 2987 caussam
385 2941 454 2988 esse
466 2941 524 2988 nos
536 2924 650 2989 docent
662 2924 848 3006 scripturae,
860 2902 924 2988 sive
934 2941 1033 3006 quum
1045 2926 1149 2989 omnia
1158 2936 1218 3004 ρον
1229 2925 1335 3005 ipsum
1349 2940 1436 2988 crea·

223 3038 257 3092 ta
272 3029 369 3094 luisse
383 3033 493 3096 dicunt
509 3031 537 3111 b;
556 3033 620 3096 sive
634 3051 733 3116 quum
746 3036 850 3115 ipsum
865 3036 992 3097 nomine
999 3033 1152 3114 principii
1164 3020 1342 3112 designant,
1359 3033 1432 3116 (Co-

128 3203 130 3206 .
227 3139 304 3205 loss.
317 3137 342 3221 l,
358 3142 408 3222 lb,
425 3126 600 3219 1⁷,llebr.l‚
615 3142 646 3221 23
661 3137 741 3217 litu
752 3142 774 3224 );
785 3135 927 3224 adeoque
938 3148 970 3205 ei
980 3138 1174 3222 principium
1187 3146 1356 3205 erraturae
1368 3143 1445 3229 ilci,

222 3252 275 3311 vel
289 3251 458 3313 creationis
474 3250 584 3331 (Apoc.
600 3249 650 3326 ΙΙΙ,
667 3250 943 3331 1ιΙ),,ορονιιινιᾳιιο
955 3267 972 3312 a
986 3250 1052 3313 lieo
1066 3247 1220 3312 factorum
1235 3249 1344 3331 (Pruv.
1358 3249 1438 3327 vlit,

220 3356 286 3433 22)
304 3366 428 3420 vocant.
443 3355 545 3422 Eccur
558 3357 674 3439 itaque,
687 3359 847 3440 inquiunt,
861 3359 910 3420 bio
926 3357 981 3421 liei
995 3357 1102 3429 Filius,
1119 3363 1349 3439 aeternumque
1364 3373 1441 3440 uer·

219 3471 304 3536 bum
318 3476 493 3555 nequiverit
507 3477 549 3538 iia
561 3478 666 3539 vocari
681 3477 770 3540 initio
784 3475 953 3553 Geneseos,
968 3484 1003 3541 ut
1018 3493 1078 3540 vox
1090 3455 1258 3536 ΠΙΨΝὋ
1272 3473 1357 3538 idem
1369 3469 1440 3538 boio

221 3581 325 3644 valeat
339 3600 376 3645 ac
386 3600 446 3663 ρον
454 3584 659 3664 principium,
675 3586 696 3647 i.
713 3603 743 3648 a.
753 3602 812 3666 ρον
823 3584 949 3661 Filium,
959 3601 1018 3664 ρον
1037 3582 1183 3648 Verbum?
1195 3584 1397 3664 Praepositio
1415 3571 1438 3676 ἒ

226 3690 449 3773 huncquoque
478 3693 542 3756 virn
557 3694 675 3772 babet,
695 3695 739 3759 uli
754 3702 785 3757 et
799 3693 915 3758 Graeca
929 3689 969 3770 ἐν,
988 3700 1020 3757 et
1034 3709 1273 3775 nonnumquam
1288 3693 1388 3763 latina
1402 3684 1438 3759 in

259 3879 274 3924 1
292 3875 318 3933 ΙΙ
337 3877 417 3931 Ceut.
436 3877 540 3936 delion.

257 3969 324 4021 20.
344 3975 369 4022 1.
388 3973 526 4030 Firmiter.

190 4059 197 4066 ’
256 4062 319 4127 31..
340 4077 361 4126 Ι.
382 4067 420 4122 lle
437 4071 536 4126 Mundi
553 4069 619 4142 opis.
640 4086 663 4142 o.
683 4077 708 4127 1.

254 4169 273 4219 d
292 4173 402 4236 Quaeri.
423 4170 504 4227 neor.

256 4264 274 4319 ὅ
291 4268 354 4334 Sap.
374 4269 420 4334 lx,
437 4272 462 4322 1.
482 4275 556 4326 loon.
576 4276 608 4338 Ι,
627 4273 653 4340 33
672 4273 694 4329 1.
713 4273 774 4331 Col·
793 4273 870 4346 illl,
896 4272 923 4332 6.
943 4273 1009 4345 eph.
1029 4277 1063 4342 li,
1077 4272 1121 4340 1⁰3
1138 4269 1240 4328 001032·
1258 4270 1283 4336 Ῑν
1305 4267 1359 4335 1⁶>
1382 4272 1444 4338 1⁷9

228 4360 309 4416 ltebr.
327 4367 348 4418 i.
367 4364 405 4431 23
424 4370 467 4430 ll,
488 4369 529 4420 10.
