2970 5002
1304 267 1365 336 tite

131 400 274 469 'terbum
297 405 460 488 (pressius
486 406 526 469 ad
550 405 598 469 tn.
621 402 781 477 herbescat
803 411 891 465 tarra
911 400 1094 484 herbulam)
1119 404 1286 483 facientem
1312 424 1364 472 se·

147 533 218 578 rnen
240 523 271 577 et
295 514 411 596 iipmnn
430 512 619 596 pomiferum
637 522 699 576 eto.
723 514 845 593 Atque,
865 491 1042 584 'obediente
1063 513 1204 578 Creatori
1231 523 1365 587 nature.

147 622 250 696 adme,
274 622 388 685 herbus
412 635 443 685 et
468 623 598 687 arbores
624 623 708 685 terre
729 620 995 701 esseproductas.
1011 621 1074 684 Nec
1097 622 1202 701 quoad
1218 625 1364 704 stirpium

149 728 306 809 originem
322 779 329 812 ,
353 731 489 795 bumana
502 730 633 796 scientia
648 731 739 810 pluro
764 744 823 793 nna
839 729 942 792 docet.
968 727 1009 791 Et
1030 729 1119 810 ipss,
1145 731 1204 794 uisi
1219 733 1295 803 velit
1307 732 1359 794 ei-

147 836 259 900 ieotus‘
271 836 436 927 admittere
453 840 576 923 absque
596 856 665 902 sue·
675 839 818 913 cutione,
842 838 875 899 iu
897 838 1030 919 irnperio
1044 844 1077 900 et
1091 839 1252 903 voluntate
1266 839 1361 905 Cres·

144 945 225 1009 toris
248 947 381 1027 primum
403 947 485 1011 ritae
510 956 543 1010 et
569 949 749 1038 plantarum
774 962 919 1010 caussam
941 964 1092 1029 quaere-re
1106 946 1212 1010 debet.
1230 947 1361 1029 Perqui·

142 1051 313 1118 sitionibus
333 1056 401 1135 ipse
422 1058 489 1118 suis
518 1055 704 1135 confirmat„
719 1061 836 1140 merem
856 1054 935 1117 'enm
950 1054 1133 1119 animalium
1147 1061 1253 1118 ortum
1270 1055 1360 1135 plan·
1471 1104 1473 1109 .

143 1159 186 1221 tis
211 1163 416 1222 convestitam
432 1161 709 1243 luxurientemque
719 1161 830 1227 fuisse:
850 1161 969 1243 aliquid
984 1161 1024 1224 de
1038 1163 1247 1242 quorumdem
1266 1163 1354 1239 regni

143 1271 321 1347 vegetantis
339 1269 528 1335 familiarum
544 1271 672 1334 relativa
685 1279 788 1354 estete
802 1270 1014 1362 determinare
1028 1278 1175 1336 conuur:
1199 1271 1299 1340 stubi
1313 1272 1353 1345 eb

137 1383 213 1461 ipsa
227 1378 476 1460 postcummun
489 1370 619 1473 modum
631 1381 724 1444 nubis
738 1399 804 1462 quo
818 1383 937 1462 primae
951 1383 1066 1462 stirpes
1077 1387 1167 1444 ortae
1179 1388 1257 1447 suut
1271 1380 1354 1445 edis-

138 1497 244 1567 seret3
269 1488 460 1555 obmutescit
484 1491 535 1553 iiia
551 1540 558 1570 ,
574 1499 606 1553 et
628 1492 753 1554 silentio
778 1491 848 1571 ipso
863 1508 921 1555 suo
933 1492 1099 1571 eloquens,
1121 1499 1282 1572 tunupuam
1302 1493 1358 1554 in·

139 1597 244 1660 dicem
269 1598 301 1659 iu
323 1597 449 1662 coelum
471 1599 638 1679 intendet,
663 1601 703 1663 eb
723 1600 786 1663 aito
813 1601 845 1662 id
862 1600 1068 1690 repetendum
1090 1598 1218 1665 cinmet.
1246 1602 1293 1662 Ac
1307 1603 1353 1665 to·

138 1724 226 1789 quaa
240 1723 313 1771 cum
327 1708 369 1771 sit
383 1711 460 1771 satis
474 1718 529 1772 rut
542 1710 712 1791 piusquam
726 1711 823 1785 satis,
849 1709 926 1772 dum
941 1709 972 1770 iu
988 1708 1171 1773 coelestium
1187 1709 1355 1788 globorum

137 1825 195 1882 sut
217 1819 312 1881 maris
336 1826 392 1881 aut
412 1818 568 1881 montium
588 1818 808 1881 formationem
833 1817 1018 1898 inquiritur;
1048 1817 1127 1880 side
1146 1835 1245 1896 grone
1266 1822 1354 1883 eine-

131 1928 187 2008 'pis
210 1927 423 2006 interrogetur
441 1928 492 1988 vei
514 1929 555 1989 de
581 1929 665 2006 prati
692 1926 825 1991 flosculo
839 1928 886 1989 ret
908 1927 948 1989 de
973 1918 1095 1988 minuta
1118 1926 1347 2007 serenissim

137 2035 288 2118 superbia
308 2034 517 2117 deprimitur,
533 2037 633 2098 veluti
648 2036 792 2098 ciebitis
809 2036 948 2116 pernulis
962 2036 1019 2097 sed
1041 2032 1241 2099 mirabilibus
1262 2053 1353 2118 ures·

136 2143 218 2209 turis
239 2143 298 2208 sibi
321 2145 440 2208 dictum
463 2144 606 2206 audiret:
627 2140 723 2206 iiiuc
743 2162 840 2226 usque
858 2145 965 2207 uenies
994 2151 1022 2206 et
1041 2161 1103 2206 non
1123 2145 1271 2224 procedes
1286 2164 1351 2211 um·

138 2273 153 2312 c
174 2251 285 2333 ptius,
312 2258 342 2314 et
367 2249 416 2312 tie
438 2248 614 2331 conss-inpes
636 2257 787 2313 turrentes
804 2249 928 2328 ¹strictus
951 2259 1019 2316 tuus
1042 2252 1057 2301 1
1076 2272 1105 2316 r.
1121 2251 1215 2316 Modo
1230 2262 1286 2334 ,ut
1303 2254 1353 2340 ‘ait
1478 2248 1483 2261 '

133 2358 258 2423 Tullius
272 2357 310 2438 ¹,
333 2365 431 2438 terra,
442 2373 546 2422 semen
560 2356 747 2440 tepefactum
759 2358 924 2440 complacco
940 2375 996 2423 suc
1019 2361 1168 2441 diffundit
1183 2412 1190 2440 ‚
1216 2371 1245 2427 et
1260 2360 1348 2427 eticr't

130 2465 363 2531 herbescentem
383 2483 426 2531 erc
449 2484 484 2530 eo
501 2465 700 2531 viriditatem
718 2484 822 2550 pune,
848 2470 928 2532 niccu
948 2467 1039 2550 fibris
1059 2471 1220 2552 stirpium,
1234 2471 1351 2539 sensim

131 2573 294 2639 udotcsoit.
327 2574 369 2638 At
388 2591 496 2638 semen
512 2575 656 2639 undeeet
667 2623 675 2652 ,
688 2575 748 2649 nisi
761 2592 801 2640 ex
816 2576 922 2656 planta
933 2577 949 2636 t
962 2573 1072 2641 Planta
1087 2593 1161 2643 vero
1177 2580 1345 2657 undenum,
1459 2643 1462 2647 .

132 2681 195 2744 nisi
217 2698 235 2743 e
256 2683 376 2744 semine
396 2682 631 2762 progerminat?
643 2681 724 2755 Quid
744 2699 825 2762 erge·
844 2667 1035 2763 praecessi-t,
1054 2701 1163 2768 semen
1182 2693 1238 2749 eut
1251 2687 1363 2766 plan„

129 2788 189 2851 ta?
210 2785 267 2850 Est
287 2787 343 2851 iiia
366 2798 476 2868 vetus,
492 2806 529 2854 uc
553 2790 634 2853 seria
661 2789 757 2855 simui
783 2799 816 2851 at
830 2790 935 2861 iocosa
949 2793 1113 2874 quaestio:
1137 2800 1244 2858 utrum
1259 2793 1348 2874 prius

129 2896 271 2963 extiterit
302 2897 420 2978 gatti-ns
440 2915 480 2962 en
504 2899 627 2964 evum?
651 2899 738 2963 «Sic
763 2906 796 2969 et
819 2900 986 2979 animetis,
1009 2903 1054 2966 eit
1076 2903 1272 2981 Augustinus
1303 2904 1344 2984 ³,

131 3027 151 3070 u
168 3002 280 3090 'potest
301 3010 457 3073 incertum
473 3024 570 3086 esse,
597 3014 704 3072 utrum
719 3025 759 3072 ex
774 3011 852 3092 ipsis
873 3012 1006 3091 semina,
1020 3021 1061 3074 an
1076 3012 1145 3092 ipso
1159 3029 1200 3074 ex
1212 3012 1346 3076 semiui-

121 3135 147 3179 u
170 3117 252 3181 bus:
275 3112 417 3200 quoiibet
433 3126 537 3182 tamen
559 3117 674 3181 barum
689 3119 790 3198 prius,
806 3137 846 3180 ex
860 3126 943 3182 terra
958 3120 1169 3182 certissimum
1181 3127 1240 3188 cst.
1257 3139 1275 3181 u
1287 3121 1347 3198 lgi-

127 3232 182 3289 tur
196 3227 259 3290 buc
279 3243 403 3307 usque,
426 3240 520 3307 opem
535 3225 825 3306 terentenmiogie
844 3243 1051 3309 eorumquae
1073 3227 1228 3303 videmus,
1245 3235 1277 3289 et
1288 3245 1343 3290 ee·

125 3350 202 3398 rum
222 3344 304 3416 quae
319 3335 470 3398 hemines
495 3335 530 3398 in
546 3335 686 3416 physicis
706 3337 932 3417 experimentis
946 3314 1119 3418 operantur
1132 3338 1234 3416 gradu
1249 3339 1345 3418 lonae

125 3442 255 3521 minori,
272 3450 340 3509 tum
351 3445 447 3511 etiem
458 3443 630 3509 divinando
641 3447 729 3526 quod
753 3446 892 3511 maxima
904 3446 958 3510 iiis
969 3463 1007 3510 ec
1018 3447 1236 3530 antiquissime
1250 3449 1346 3530 phae-

122 3568 263 3617 nomena
289 3569 360 3616 esse
380 3550 542 3634 potuerint
565 3559 696 3617 naturae
718 3553 826 3633 legum
836 3555 1030 3619 consectaria
1043 3556 1201 3636 quaedem
1227 3558 1344 3621 eteius

121 3659 246 3726 ordinis
264 3675 303 3724 sc
324 3648 437 3726 cursus
452 3675 585 3738 rerum,
615 3659 671 3740 qui
692 3676 779 3723 nuuc
800 3668 874 3742 est,
896 3662 996 3727 veluti
1019 3645 1194 3744 peculiares
1216 3679 1336 3742 casus,

119 3765 175 3831 his
187 3770 204 3845 ‹,'
221 3769 375 3850 inquom,
395 3767 524 3833 ,auxiliis
545 3766 671 3846 adiuti,
693 3769 813 3850 aliquid
838 3768 878 3832 de
901 3772 1003 3850 prime
1022 3771 1136 3835 muudi
1156 3771 1286 3837 historie
1298 3771 1343 3835 iu·

118 3873 270 3955 teiiigere
285 3875 391 3940 cuncti
405 3892 526 3948 sumus.
549 3879 591 3938 nt
605 3893 690 3943 urruc
703 3878 848 3957 analogio
876 3882 1155 3959 experimentaque
1175 3877 1339 3959 deficiunt,

119 3987 260 4049 naturae
283 3983 369 4062 teges
390 3982 629 4063 obmutescere
650 3964 737 4050 ‘nihii
760 4002 891 4074 prorsus
906 3985 993 4050 bisce
1007 3972 1234 4068 praesidiiede
1259 3987 1339 4063 vitae

159 4149 241 4213 tlcb
259 4151 412 4217 xxxviii,
432 4153 476 4205 11.

146 4250 175 4302 2
192 4249 232 4304 De
249 4250 402 4306 Senectute.

156 4346 233 4414 ὅθι
253 4347 319 4410 een.
333 4348 370 4404 act
383 4348 429 4407 tit.
441 4354 472 4408 1..
491 4353 523 4408 t.
542 4348 572 4405 (i.
590 4350 635 4407 2³.
