2984 5004
1247 299 1286 359 37

63 441 80 479 a
95 439 176 498 mae;
190 429 223 485 et
243 421 288 484 sic
300 422 496 503 impossibile
511 429 559 486 est
573 423 686 500 dicere,
704 427 788 505 quod
802 427 975 490 informitas
991 432 1139 492 materiae
1152 438 1274 512 tompo-

59 551 79 592 «
95 549 128 592 rc
142 534 347 612 praecesserit
359 533 577 597 formationem
600 535 708 614 ipsius.
726 537 756 598 Si
770 538 853 599 enim
866 541 998 600 materia
1022 539 1164 603 informis
1182 559 1276 621 prae·

60 657 80 697 «
93 639 190 700 cessit
201 638 377 716 duratione,
401 641 477 702 baec
488 649 556 703 erat
577 641 640 703 iam
655 651 741 720 actu,
758 645 818 706 lroc
832 647 916 706 euim
931 646 1054 708 duratio
1073 648 1274 726 importat...

66 745 203 817 adicere
216 747 313 822 igitur
330 747 493 808 materiam
518 750 704 827 praecedere
720 751 788 812 siue
804 751 915 829 forma,
928 759 977 813 est
997 753 1101 815 dicere
1126 772 1182 815 ens
1204 764 1277 816 actu

63 852 160 914 asine
173 855 351 934 aetu,quod
366 855 508 934 implicat
521 857 804 922 contradictionem
820 859 1012 922 »Prioribus
1028 879 1103 925 vero
1115 863 1192 924 locis
1208 866 1277 926 Au-

59 962 205 1038 gustinus
219 962 259 1024 ab
279 962 332 1023 illa
346 963 481 1025 materie
494 962 625 1042 confuso
647 973 675 1028 et
689 966 817 1046 informi
832 985 896 1029 non
918 970 1053 1032 exclusit
1064 987 1192 1032 omnem
1220 971 1283 1033 lor·

59 1088 159 1151 mam,
172 1078 204 1133 et
218 1071 272 1150 ita,
284 1073 370 1133 iuxta
382 1090 409 1134 s.
425 1073 590 1150 Thomam,
609 1076 755 1157 Basilius,
770 1079 970 1154 Ambrosius,
994 1078 1281 1158 etChrysostomus

60 1181 422 1260 docuerunt,inlornaem
432 1183 595 1245 materiam
607 1185 933 1264 ipsiuslormationem
945 1196 1085 1264 tempore
1097 1189 1283 1265 praecessis-

61 1307 107 1350 se.
124 1289 426 1370 Quomodoeumque
439 1291 489 1365 sit,
506 1292 559 1370 qui
573 1293 725 1368 sentiunt,
742 1293 841 1354 Deum
854 1295 884 1353 in
900 1296 1054 1374 principio
1070 1311 1191 1357 creasse
1208 1303 1280 1358 tan-

59 1407 128 1461 tum
144 1400 308 1461 materiam
321 1400 491 1479 quamdam
505 1400 685 1479 iolormem,
698 1410 730 1462 ct
744 1403 904 1480 quoddam
919 1403 1015 1464 veluti
1031 1403 1131 1466 Chaos
1158 1425 1197 1466 ex
1213 1424 1277 1485 quo

59 1513 171 1586 postea
182 1507 287 1567 omnia
302 1523 453 1585 corporea
466 1506 585 1583 lecerit,
603 1507 749 1571 ridentur
760 1518 791 1569 et
805 1510 865 1588 ipsi
877 1525 1004 1589 ponere,
1019 1528 1057 1571 ex
1070 1513 1179 1573 eadem
1189 1530 1276 1573 mas-

61 1631 98 1675 sa
120 1621 187 1675 tum
209 1614 367 1676 terrestria
382 1632 515 1694 corpora
536 1625 605 1680 turn
626 1617 774 1678 coelestia
790 1616 924 1679 lormata
940 1619 1053 1694 luisse,
1078 1621 1163 1698 quod
1178 1630 1209 1683 et
1224 1623 1279 1683 Pe·

62 1723 144 1785 tario
157 1725 318 1785 visumest
333 1723 384 1804 (C.
398 1724 447 1785 lV.
463 1723 491 1803 ξ.
509 1726 536 1786 1.
551 1724 573 1804 ).

104 1833 253 1906 Quamvis
266 1835 458 1925 recentiores
471 1835 653 1916 philosophi
669 1838 747 1900 solis
761 1844 792 1899 et
804 1839 987 1918 praesertim
1002 1839 1164 1902 stellarum
1181 1843 1283 1905 notio·

62 1960 121 2004 nes
136 1943 272 2004 habeant
285 1944 377 2022 louge
390 1945 561 2024 ampliores
573 1964 668 2026 quam
683 1947 850 2009 habuerint
866 1948 999 2028 antiqui,
1013 1956 1045 2011 et
1056 1951 1155 2026 magis
1170 1951 1209 2012 ad
1225 1969 1280 2012 ve-

64 2054 189 2114 ritatem
202 2053 354 2115 accedaut
369 2071 376 2129 ;
394 2060 498 2114 tamen
511 2053 588 2114 haee
603 2057 757 2116 sententia
771 2072 834 2117 uon
848 2056 943 2117 modo
956 2073 1066 2118 corum
1080 2056 1202 2136 placitis
1217 2077 1281 2121 non

61 2161 260 2240 adversatur,
274 2162 420 2241 quinimo
433 2178 506 2222 eum
518 2160 567 2222 his
579 2163 720 2239 perbelle
734 2163 892 2225 cohaeret.
909 2163 1039 2239 Geologi
1056 2166 1280 2230 observatione

64 2271 233 2344 docentur,
247 2277 350 2330 creata
364 2285 497 2346 corpora
510 2278 642 2330 naturae
658 2269 783 2345 legibus
799 2271 966 2331 commissa
988 2271 1099 2342 luisse,
1115 2284 1208 2352 atque
1221 2276 1279 2337 ha-

62 2398 138 2444 rum
153 2397 226 2458 ope,
237 2377 390 2458 quidquid
404 2377 491 2455 ipsae
502 2377 623 2438 allicere
636 2385 819 2456 potueruut,
834 2378 993 2454 ellectum;
1007 2389 1039 2440 et
1053 2390 1214 2458 praeterea
1228 2402 1277 2443 re-

62 2506 137 2552 rum
148 2485 546 2566 mixtionemetquamdam
559 2485 657 2546 veluti
667 2485 992 2549 confusionemordini
1003 2488 1172 2567 praeivisse
1183 2490 1283 2568 (quod
1306 2564 1310 2569 ,

61 2605 96 2658 et
106 2593 209 2656 Moses
221 2594 373 2656 docuerat
386 2590 407 2672 ):
433 2609 515 2672 quae
526 2593 632 2653 omnia
645 2610 717 2655 cum
730 2596 885 2655 sententia
899 2594 951 2656 illa
964 2597 1082 2674 optime
1104 2612 1281 2672 congruere

63 2705 223 2766 videntur.
237 2704 399 2765 Praeclare
412 2720 486 2764 vero
501 2719 574 2764 cum
589 2701 642 2763 illa
657 2703 804 2764 convenit
824 2704 997 2766 recentium
1013 2704 1279 2768 Astronomorum

63 2812 259 2894 hypothesis.
274 2812 312 2874 lli
327 2812 357 2872 in
369 2811 518 2873 omnibus
530 2809 610 2873 coeli
624 2810 766 2889 partibus
777 2811 916 2873 maculas
928 2813 1080 2891 quasdam
1094 2815 1280 2886 luminosas,

63 2921 207 2998 dillusas,
219 2938 298 3001 quas
312 2919 475 2982 nebulosos
488 2920 662 2999 appellant,
677 2919 875 2981 detexerunt.
892 2920 1052 2990 Quaedam
1065 2937 1103 2982 ex
1128 2922 1188 3000 his,
1202 2922 1280 2983 dum

62 3049 122 3113 per
148 3030 250 3091 valida
271 3029 441 3109 telescopia
462 3029 696 3108 inspiciuntur,
724 3030 755 3089 in
771 3037 817 3091 tot
832 3030 974 3091 stellulae
998 3030 1199 3092 resolvuntur
1215 3079 1222 3106 ,
1237 3031 1282 3091 uti

62 3156 161 3222 quam
175 3138 352 3200 Golosaiam
365 3137 526 3218 appellant
536 3155 593 3200 seu
607 3139 693 3199 viem
706 3137 848 3198 lacteum:
857 3137 936 3199 aliae
949 3146 1059 3199 contra
1073 3155 1132 3198 nec
1146 3138 1283 3216 exquisi-

64 3250 193 3312 tissimis
204 3249 368 3329 explorata
382 3247 610 3321 instrumentis,
626 3247 691 3325 pari
702 3246 797 3308 modo
809 3245 1020 3320 resolventem
1031 3245 1197 3323 sedaliqua
1215 3254 1286 3307 tau-

65 3369 133 3422 turu
145 3356 503 3420 stellulaiuhuiusmodi
514 3356 674 3417 nebulosis
686 3353 1283 3434 apparet,relprorsusnulla.Videntur

61 3472 170 3549 itaque
184 3485 253 3528 esse
266 3483 387 3528 massae
400 3465 554 3546 quaedam
567 3474 678 3527 tenues
693 3513 700 3542 ,
723 3464 854 3526 diffusae
875 3471 907 3524 et
929 3463 1103 3525 luminosae
1127 3463 1281 3524 materiei.

64 3578 151 3650 Quae
164 3576 300 3639 maiores
313 3581 401 3650 sunt,
418 3572 624 3650 irregularem
636 3573 809 3634 ostendunt
819 3571 952 3649 liguram
964 3620 970 3648 ,
984 3572 1023 3632 ad
1036 3572 1135 3632 instar
1147 3571 1281 3633 nubium

63 3703 144 3768 quas
157 3685 253 3748 trahit
272 3666 432 3764 agitatque
444 3689 567 3745 ventus:
586 3683 722 3744 minores
736 3680 879 3743 circulari
892 3681 1012 3744 formae
1030 3681 1196 3743 accedunt.
1213 3680 1279 3740 Ali·

63 3794 380 3878 quando,interduas
390 3811 430 3854 ex
438 3791 752 3871 hiscemaculisquae
761 3791 926 3869 rotundae,
936 3789 1282 3851 distinctaeetcircum·

64 3906 205 3985 scriptae
216 3909 303 3976 sunt,
316 3909 411 3961 tenue
421 3900 511 3980 quasi
523 3898 612 3960 filum
625 3898 797 3960 nebulosae
808 3897 1000 3959 substantiae
1012 3897 1156 3974 adparet,
1166 3896 1283 3956 utrius-

62 4031 128 4096 que
141 4010 426 4075 circumferentiam
440 4011 646 4087 eoniongeus,
661 4010 751 4088 quasi
766 4007 860 4068 index
874 4013 906 4065 et
919 4006 1006 4065 testis
1020 4008 1197 4069 communis
1217 4010 1280 4067 ori·

69 4121 165 4200 ginis.
182 4119 299 4180 Harum
313 4115 509 4180 macularum
522 4115 575 4178 lux
588 4115 679 4175 valde
692 4116 795 4175 tenuis
808 4130 876 4174 esse
899 4112 980 4174 solet
990 4122 1022 4175 et
1034 4114 1211 4188 uniformia
1227 4131 1279 4173 re-

68 4246 143 4294 rum
158 4227 221 4288 hue
233 4234 265 4288 et
275 4225 351 4289 illuc
361 4224 493 4306 spatiola
506 4222 662 4304 quaedam
673 4222 826 4301 adparent
838 4221 936 4298 magis
948 4222 1119 4293 luminosa,
1135 4221 1190 4281 ubi
1200 4221 1281 4281 den-

66 4339 132 4403 sior
144 4337 303 4401 luminosa
315 4334 444 4402 materia
455 4333 568 4398 merito
577 4333 725 4418 creditur.
738 4333 836 4397 Porro
848 4331 1055 4396 condensatio
1065 4331 1141 4393 baec
1161 4330 1201 4394 ab
1215 4331 1289 4393 uoi-
