2970 5002
1261 292 1322 359 153

111 434 188 523 breui
206 433 388 503 admodum
410 435 553 515 tempore
576 426 686 515 perlici
706 429 1127 516 potuisscuidelm.lamen
1142 433 1252 498 erlbac
1267 433 1320 496 dio

111 563 167 627 nou
187 528 351 635 infirmum
373 551 598 626 argumentum
619 544 758 625 deduci,
780 539 820 607 ad
841 544 1094 612 confirmandum
1113 595 1120 629 ‚
1145 547 1178 610 in
1191 545 1321 611 bisdia-

111 657 163 725 bus
183 658 295 737 longas
318 655 416 719 latere
437 653 611 735 periodos,
635 654 781 735 superius
803 654 1000 720 ostendimus
1026 654 1068 738 (ς
1089 655 1191 736 xvi).

141 769 201 835 LX.
215 768 310 833 Astra
329 781 398 829 esse
412 764 563 842 animata,
575 763 683 843 plures
699 768 819 830 ueteres
834 765 894 826 rati
905 770 999 841 sunt;
1016 781 1111 845 quam
1124 763 1321 844 opinionem,

111 897 144 941 ex
156 874 326 946 Academia
351 880 384 935 et
397 872 529 953 prolana
561 871 761 952 philosophia
776 871 972 954 derivatam,
990 871 1081 938 Plrilo
1096 872 1230 936 iudaeus
1251 890 1319 936 em·

111 985 214 1064 plexus
227 989 295 1059 est,
313 980 357 1047 uti
369 979 466 1044 etlam
479 978 705 1069 Maiemcnid'es
727 978 781 1060 qui
804 996 876 1043 eam
886 979 961 1058 Legi
975 1026 983 1059 ,
997 979 1018 1042 i.
1032 995 1063 1043 e.
1085 979 1180 1044 dosis
1200 980 1320 1062 doetri-

111 1072 159 1161 nae
172 1143 182 1175 ,
195 1091 334 1159 maxime
347 1097 593 1154 consentaneam
607 1070 766 1153 iudicauit.
783 1088 920 1153 lineatur
934 1089 1064 1172 insuper
1077 1089 1155 1179 baec
1165 1089 1273 1172 opinio
1286 1092 1321 1155 in

111 1203 243 1282 pluribus
256 1200 346 1264 libris
357 1198 550 1278 origenismi
562 1199 596 1261 ln
610 1197 843 1261 commentariis
855 1197 886 1260 in
905 1197 1320 1280 loannisEvangelium,pro

111 1296 193 1374 istrie
204 1307 283 1390 ipsis
297 1307 476 1388 suspicetur
488 1305 540 1368 hic
553 1309 663 1369 auctor
675 1322 804 1384 passum
816 1321 886 1368 esse
900 1286 1071 1370 Christum.
1091 1306 1208 1369 Tamen
1229 1307 1262 1369 in
1284 1307 1321 1370 li·

111 1418 164 1481 sris
178 1416 216 1482 de
228 1414 403 1494 Principiis
421 1413 563 1491 Origines
578 1412 704 1489 scribit,
720 1413 808 1494 quod
822 1412 881 1476 hac
896 1412 936 1476 de
950 1431 984 1476 re
998 1413 1164 1494 manifeste
1177 1431 1238 1477 nen
1252 1421 1319 1478 trc-

111 1525 197 1590 iitur.
211 1522 445 1613 'supposititius
465 1522 611 1586 Clemens
623 1523 656 1585 in
669 1521 736 1586 Lib.
763 1521 787 1584 V
806 1522 963 1604 Recognil.
987 1525 1021 1586 iu
1041 1523 1152 1587 eadem
1175 1531 1319 1589 uersatur

111 1635 258 1716 spinione.
280 1633 323 1696 At
342 1631 516 1713 generatim
529 1632 588 1695 PP.
605 1639 784 1696 commento
803 1632 855 1695 isti
869 1631 1098 1715 eontrpdicunt,
1113 1639 1149 1697 ut
1161 1631 1319 1698 Eusebius

111 1732 331 1817 Caesariensis,
353 1741 496 1822 quamuis
516 1741 659 1820 origenis
673 1739 845 1803 admirator
858 1747 891 1805 et
902 1739 1007 1805 saulce
1022 1788 1030 1821 ,
1046 1741 1180 1804 Basilius
1197 1736 1319 1822 ,Chrys

111 1861 262 1919 sostomus
280 1900 288 1933 ,
310 1851 527 1917 Theodoretus
544 1901 551 1928 ,
569 1851 736 1932 Dionysius
753 1900 761 1932 ,
786 1867 842 1915 seu
864 1859 976 1915 auctor
990 1849 1073 1915 Libri
1087 1850 1125 1916 de
1139 1850 1211 1916 Diu.
1228 1851 1316 1913 Nom.

111 1961 231 2047 eiusque
255 1960 441 2053 scholiastes
475 1960 630 2026 illeximus
651 1959 780 2043 Martyr,
802 1959 939 2043 cyrillus
954 1953 1205 2038 'Alexandrinus
1219 1962 1315 2027 loeu-

111 2085 161 2133 ues
177 2067 417 2146 Damasceuus,
440 2068 640 2149 Procopius,
674 2069 878 2145 Lactantius,
905 2076 937 2131 et
950 2069 1062 2133 Petrus
1088 2069 1314 2151 chrysologus,

111 2192 236 2256 luorum
255 2175 326 2239 loca
345 2174 474 2253 collegit
493 2175 638 2239 Petavius
661 2177 706 2239 De
727 2175 804 2257 opis.
826 2193 888 2239 sem
902 2175 983 2239 dier.
1008 2175 1075 2240 Lib.
1099 2177 1123 2239 1.
1148 2194 1178 2240 e.
1198 2176 1266 2241 Xll.

138 2286 194 2349 rus
215 2262 486 2366 aeee‘ureymum
512 2286 520 2365 ι
540 2286 584 2347 m
610 2286 766 2350 arentum
787 2285 821 2348 u.
845 2286 884 2349 u.
907 2303 936 2348 ο.
958 2286 1039 2363 vu,
1063 2302 1162 2364 sege.
1185 2286 1253 2371 aa)
1285 2293 1319 2349 er

111 2394 272 2473 iufinum,
295 2412 351 2460 scu
371 2403 534 2461 auctorem
555 2393 622 2457 Lib.
645 2395 690 2457 De
711 2395 785 2458 Fide
804 2397 862 2476 qui
888 2394 1003 2460 Rufino
1023 2394 1226 2459 adscribitur»
1261 2394 1318 2466 llic

111 2502 251 2573 icastris
271 2507 340 2569 ait:
367 2525 385 2567 c
407 2503 490 2568 Haec
512 2503 682 2584 nonnulli,
716 2505 831 2567 mentis
864 2521 973 2568 errore
993 2505 1142 2587 decepti,
1168 2503 1315 2568 animalia

111 2633 119 2673 ι
139 2613 334 2680 rationabilia
348 2626 418 2675 esse
433 2611 580 2675 dixerunt
598 2659 606 2691 ,
622 2627 759 2693 quorum
774 2613 966 2677 dementiam
980 2612 1075 2675 etiam
1089 2611 1227 2676 nefarius
1242 2613 1315 2676 Ori·

111 2701 375 2804 rgeois'secutus
402 2729 462 2802 est.
485 2741 504 2784 n
525 2720 564 2785 lit
585 2721 715 2793 Orosius
737 2723 819 2786 inter
833 2739 955 2786 errores
968 2722 1216 2802 origenistarum
1230 2722 1316 2787 bunc

111 2837 206 2909 ponit:
230 2852 251 2897 c
271 2832 454 2901 Creatorem
475 2849 602 2915 quoque
625 2832 800 2895 subiectam
814 2831 1019 2914 corruptioni
1043 2848 1108 2895 nou
1127 2832 1311 2910 volentem,

115 2957 125 2996 r
143 2921 379 3020 intelligendam
400 2957 470 3002 esse
490 2941 639 3002 dicebant
659 2940 786 3021 solem,
810 2933 943 3019 lunam,
966 2946 998 3002 et
1021 2939 1155 3019 stellas,
1177 2946 1209 3003 et
1228 2940 1308 3005 baec

116 3063 206 3112 anon
231 3047 438 3110 elementares
461 3063 530 3109 esse
553 3045 714 3125 fulgores,
744 3046 800 3109 sed
821 3047 991 3111 rationales
1012 3054 1186 3129 potestates
1203 3051 1230 3108 ι.
1247 3066 1266 3108 >)

139 3155 170 3221 lu
193 3155 337 3234 Origenis
363 3155 538 3219 doctrinam
573 3154 771 3235 propendere
796 3155 942 3219 videnlur
969 3154 1156 3218 Ambrosius
1184 3158 1217 3214 et
1241 3151 1314 3214 Hie·

111 3253 281 3344 renymus,
302 3268 436 3343 uterque
467 3279 532 3324 uno
556 3269 679 3325 tantum
699 3263 732 3325 in
754 3261 836 3326 loco.
861 3262 977 3325 Verum
999 3261 1158 3324 Ambrosii
1184 3258 1316 3323 verba²

111 3360 150 3451 pie
166 3370 402 3452 interpretanda
422 3378 454 3432 et
474 3371 515 3432 ed
536 3370 671 3448 figurem
692 3378 766 3434 sunt
789 3370 952 3435 referenda
966 3390 974 3449 ;
990 3371 1224 3452 qua'etPaulus
1236 3393 1315 3442 usus

111 3490 166 3542 esse
184 3481 309 3544 videtur
330 3480 362 3542 in
383 3480 455 3543 loco
487 3495 582 3560 quem
616 3479 755 3542 imitatus
777 3488 825 3542 est
857 3487 891 3542 et
916 3481 1079 3545 collutavit
1101 3483 1312 3565 Ambrosius,

111 3589 209 3668 iemps
230 3585 529 3666 edRom.Vlll‚19:
558 3607 572 3645 e
593 3587 783 3667 Expectatio
803 3594 969 3652 creaturae
990 3588 1213 3657 revelationem
1234 3591 1315 3678 tilio·

111 3703 167 3757 tum
185 3697 242 3758 Dei
256 3703 413 3777 empcetot.
437 3695 574 3759 Vanitati
588 3696 669 3759 enim
680 3702 828 3759 creature
842 3694 982 3760 sublecta
995 3704 1042 3762 est
1054 3715 1115 3761 uon
1128 3698 1246 3760 velena:
1261 3698 1317 3765 sert

111 3811 226 3885 tropler
254 3821 343 3880 eum,
360 3797 417 3888 qui
433 3803 566 3868 subiecit
589 3821 657 3866 eom
684 3803 717 3866 in
740 3821 805 3886 spe.
822 3822 840 3864 »
861 3805 921 3870 Ubi
942 3811 1103 3868 creaturae
1125 3807 1254 3869 nomine
1268 3811 1318 3870 to·
1385 3808 1387 3813 ’

111 3910 161 3975 itm
182 3930 289 3976 rerum
320 3911 557 3976 universitatem
588 3912 759 3991 significari
781 3912 923 3995 plerique
948 3919 1090 3986 veterum
1119 3913 1312 3985 existimant.

111 4011 139 4078 lt
157 4002 420 4104 prosopopoeiam
441 4021 485 4084 lbi
507 4039 576 4086 esse
596 4022 837 4102 chrysostomus
868 4021 999 4085 adnotet
1015 4021 1136 4096 ,instar
1151 4025 1238 4108 eius,
1252 4044 1315 4108 qua

111 4121 270 4212 ‘cepheus
285 4132 379 4195 rebus
400 4131 548 4194 inanimis
563 4148 692 4194 sensum
706 4137 737 4193 el
751 4130 992 4210 intelligentiam
1003 4133 1314 4207 accomodaut.Quid

125 4269 141 4319 1
163 4270 327 4326 commonit.
341 4271 377 4324 cd
394 4273 424 4324 s.
445 4273 513 4338 Aug.
534 4273 572 4322 De
590 4286 674 4326 errore
693 4271 902 4328 Priscillionist.
916 4278 942 4326 et
963 4255 1110 4345 origenist.

122 4365 209 4438 2Ep.
230 4368 263 4422 ad
282 4373 457 4428 florauanuur
475 4372 612 4433 xxxviii.
