2970 5002
1240 317 1278 377 'tt

61 442 211 504 tennitate
224 457 281 504 sna
292 438 449 504 mundum
462 421 525 507 non
539 449 714 521 aeternnm,
723 447 770 509 uti
780 444 884 526 ipsum
895 447 1004 528 utique
1016 464 1080 510 non
1090 448 1282 513 immensum

62 549 104 609 in·
113 566 169 610 sna
183 549 405 628 immensitate,
418 557 451 613 et
464 563 523 628 noe
538 568 596 613 nee
611 559 757 614 aeternos
769 566 830 613 neo
843 552 1016 616 immensos
1025 553 1062 615 in
1077 571 1135 617 sua
1149 555 1279 617 aeterni·

63 662 129 717 tete
144 663 176 716 et
189 656 399 719 immensitate
417 661 545 721 crearit.
562 657 632 722 Non
645 665 723 738 puto
737 656 932 725 locutionem
947 659 1034 721 illam
1048 677 1159 724 oreore
1169 660 1211 722 ab
1224 678 1281 724 oe-

65 770 170 838 terno,
194 763 576 846 intelligerequemqnam
589 771 626 828 nt
645 764 697 827 sit:
712 781 823 829 oreore
837 767 872 830 io
887 765 1046 847 principio
1066 769 1278 847 aeternitatis,

64 871 119 950 qui
140 889 252 935 sensus
265 872 444 953 implicaret
457 873 753 948 contradictionem
769 891 842 936 nam
857 874 1026 939 aeternitas
1045 882 1078 936 et
1090 875 1280 955 principium

59 976 133 1042 ses'e
153 981 472 1063 mutuo-excludunt,
494 990 527 1043 et
549 981 583 1044 id
603 981 689 1061 quod
710 983 829 1062 incipit,
853 998 927 1044 vere
941 989 1104 1046 aeternnm
1121 982 1166 1063 (o
1185 989 1280 1064 porte

61 1094 146 1168 unte,
168 1094 207 1150 ut
226 1087 356 1166 dieunt)
379 1104 449 1149 esse
469 1104 535 1178 non
557 1095 672 1167 potest.
688 1090 796 1154 Restat
810 1089 907 1167 igitur
919 1095 957 1152 ut
970 1088 1076 1168 phrasi
1089 1089 1153 1150 illa:
1168 1107 1280 1152 oreore

60 1195 213 1257 mondum
232 1197 316 1258 Dens
334 1195 437 1275 patuit
454 1195 499 1260 *ab
518 1203 646 1260 aeterno
665 1197 726 1261 hoo
747 1198 854 1276 ipsum
875 1203 1037 1277 praeterea
1058 1196 1276 1276 significetur,

56 1303 148 1382 quod
169 1319 284 1381 nempe
300 1303 406 1383 potuit
427 1304 511 1366 Deos
533 1320 642 1369 oreon
662 1304 811 1367 mondum
830 1322 851 1368 o
873 1311 968 1385 porte
991 1311 1064 1366 onte
1080 1311 1256 1368 oeternum
1268 1326 1279 1364 :

60 1408 158 1469 alium
181 1407 350 1508 verborum
382 1408 510 1472 illorum
533 1427 662 1473 sensnm
696 1429 760 1476 non
780 1397 882 1475 video.
904 1410 945 1476 Et
965 1412 1026 1474 hoo
1046 1427 1197 1490 negamus
1220 1427 1277 1489 po·

60 1515 160 1577 tuisse
181 1514 283 1578 fetere
297 1515 410 1580 Deum.
422 1515 503 1580 Nem
516 1533 625 1580 creare
638 1517 794 1582 mundum
810 1517 913 1599 (quod
923 1523 976 1580 est
988 1533 1096 1597 oreore
1110 1518 1187 1596 qnid
1202 1533 1278 1578 eon-

64 1625 202 1704 tingens,
223 1632 256 1686 et
278 1625 414 1689 essentia
434 1625 554 1689 mobile
573 1633 665 1689 motu
687 1641 841 1705 corporeo
862 1625 914 1687 vel
936 1625 1082 1705 spiritali,
1104 1624 1127 1684 i.
1149 1640 1179 1685 e.
1202 1641 1278 1688 mu-

62 1731 159 1794 tabile
172 1731 196 1811 ),
217 1733 426 1796 otmundum
446 1735 503 1813 qui
520 1734 562 1796 sit
579 1740 741 1808 aeternus,
765 1731 849 1793 idem
870 1739 919 1794 est
938 1749 976 1794 ae
996 1731 1181 1812 possibilem
1202 1732 1281 1794 red·

60 1839 139 1902 dere
161 1842 275 1904 seriem
297 1840 450 1905 infinitam
471 1849 618 1906 motuum
639 1859 696 1905 sen
725 1841 960 1918 mutationum,
985 1857 1081 1921 quem
1102 1844 1280 1921 repugnare

59 1949 268 2025 ostendimns;
290 1958 339 2012 est
360 1950 481 2018 efficere
501 1958 538 2014 ut
557 1952 610 2031 sit,
624 1958 680 2014 ent
700 1949 813 2013 saltem
834 1947 986 2028 possibile
999 1948 1121 2024 evadat,
1143 1949 1175 2010 id
1190 1951 1278 2029 qnod

61 2063 175 2118 natura
196 2075 254 2119 sne
274 2067 323 2122 est
344 2056 488 2140 adeoque
508 2075 634 2138 semper
656 2058 720 2120 erit
734 2057 942 2136 impossibile,
966 2074 1023 2120 seu
1037 2057 1169 2148 attidem
1184 2057 1281 2121 simul

57 2165 103 2225 eit
125 2166 275 2244 possibile
295 2175 327 2228 et
347 2166 554 2245 impossibile.
570 2167 748 2227 Aeternitas
762 2164 990 2242 repraesentari
1004 2170 1109 2242 potest
1123 2182 1180 2244 per
1195 2182 1280 2243 pun-

62 2281 151 2337 ctum
173 2275 336 2337 immobile
350 2277 419 2336 sine
433 2275 522 2337 fluxu
536 2282 568 2336 et
582 2274 650 2337 sine
665 2271 819 2354 partibus:
836 2274 918 2334 lineo
932 2279 1018 2335 reeta
1031 2278 1161 2351 tempus
1176 2273 1279 2334 llneus

62 2389 303 2462 repraesentat,
327 2382 413 2463 quod
435 2381 625 2464 principium
646 2383 761 2446 habeat
782 2397 911 2444 necesso
932 2387 994 2456 est,
1020 2379 1093 2441 lieet
1114 2379 1196 2443 forte
1216 2381 1280 2442 hoe
1335 2458 1339 2462 1

61 2487 254 2567 principium
279 2505 337 2550 nos
359 2505 424 2550 non
446 2489 621 2553 videamus.
642 2488 667 2552 ll
689 2495 809 2569 puncto
831 2489 929 2550 tluere
949 2495 1055 2567 potest
1074 2487 1158 2550 linea
1181 2487 1280 2566 [tem-

61 2614 124 2675 pus
145 2597 266 2658 mundo
285 2596 500 2677 concreatum)
523 2591 583 2661 ¹sed
603 2615 667 2662 non
692 2603 848 2676 punctum
869 2594 1016 2681 alterum.

103 2703 206 2766 Facite
226 2705 286 2766 erit
294 2704 417 2767 diluere
430 2705 591 2785 sophisma
602 2722 668 2785 quo
681 2706 847 2782 ideologns
860 2704 969 2768 Daube
983 2704 1200 2768 demonstrare
1221 2720 1279 2783 pu-

61 2820 121 2889 tat,
137 2813 241 2873 ideam
254 2812 419 2874 creationis
432 2810 714 2875 eontradiotionem
730 2811 903 2892 implicare.
925 2813 1042 2892 Aooipe
1062 2812 1129 2875 eins
1150 2812 1280 2875 domon-

59 2921 249 3001 strationem
263 2919 273 3001 t
286 2920 393 2983 Daube
407 2921 505 2984 Eteot
515 2919 703 3001 d'ideolopie.
717 2920 788 2984 Not.
805 2920 835 2982 o.
850 2918 874 2999 t:
887 2918 920 2982 st
932 2919 1015 2981 Deus
1035 2936 1138 3001 neque
1152 2937 1217 2983 nno
1232 2920 1280 2982 in·

58 3028 160 3091 stanti
175 3044 281 3090 carere
301 3029 405 3107 potuit
416 3029 554 3108 potentia
565 3028 722 3090 mnndum
741 3027 881 3105 creandi,
894 3042 934 3089 ne
956 3044 1056 3090 unum
1067 3026 1196 3107 quidem
1211 3044 1281 3091 mo·

62 3144 209 3198 mentum
222 3138 356 3216 supponi
370 3143 487 3216 potest,
502 3136 612 3216 inquo
625 3135 762 3196 nundus
776 3151 840 3197 non
855 3137 995 3214 potnerit
1014 3136 1177 3196 exsistere:
1192 3134 1219 3195 si
1236 3144 1280 3195 'e-

62 3245 132 3307 nim
142 3244 224 3306 Deus
235 3244 341 3322 aliquo
352 3250 514 3305 momento
526 3242 617 3304 illum
626 3258 734 3305 creare
744 3232 807 3304 non
815 3240 930 3321 potnit,
946 3240 1030 3303 unde
1042 3245 1071 3302 ei
1085 3248 1194 3320 postea
1209 3241 1281 3304 talis

64 3351 195 3414 advenit
221 3351 380 3431 potentian
390 3351 485 3415 Notio
498 3350 594 3428 igitur
610 3350 759 3412 materiae
772 3355 807 3412 et
820 3348 927 3412 linitae
944 3349 1168 3427 intelligentiae
1194 3366 1281 3413 eom·

62 3458 146 3539 poni
166 3466 271 3539 potest
293 3476 367 3521 eum
389 3458 518 3522 notione
540 3459 733 3520 aeternitatis
752 3457 785 3519 in
799 3456 1018 3543 supppsitione
1038 3455 1095 3519 Dei
1104 3457 1276 3529 creatoris.

66 3562 136 3626 lem
157 3581 232 3630 vero
253 3566 341 3629 notio
356 3564 401 3627 rei
414 3572 538 3631 creatae
551 3565 646 3626 simul
667 3572 762 3645 atque
785 3571 929 3626 aeternae
949 3564 1194 3627 contradictoria
1217 3570 1276 3626 est:

64 3680 232 3735 aeternnm
246 3679 294 3733 est
314 3674 399 3734 enim
412 3671 498 3751 qnod
511 3687 674 3752 nunquam
694 3671 828 3733 existere
839 3670 957 3750 eoepit,
978 3677 1011 3732 et
1024 3676 1165 3733 creatum
1177 3669 1210 3729 id
1232 3678 1282 3744 est

70 3781 164 3845 cuins
185 3780 348 3844 existentia
376 3780 501 3842 initium
528 3778 649 3844 habuit.
664 3778 763 3858 Igitur
788 3779 857 3841 idea
874 3779 930 3841 ttei
951 3779 1107 3849 creatoris
1128 3777 1280 3855 supponit

66 3890 314 3971 possibilitatem
330 3887 374 3970 rei
388 3887 600 3967 impossibilis,
619 3886 664 3952 rei
678 3883 759 3970 qnae
772 3886 882 3949 habuit
899 3894 931 3948 et
944 3872 1007 3949 non
1022 3885 1132 3953 tabuit
1145 3885 1286 3948 existen·

71 3998 136 4060 tiae
157 3996 292 4081 initium.
548 4066 552 4073 ⁸
697 4035 700 4040 -
890 3993 892 3997 ’
1268 4014 1270 4017 ’

116 4102 258 4165 Prtmnm
271 4101 353 4177 dion,
369 4116 421 4163 me
433 4099 600 4163 admittere
611 4097 827 4163 definitionem
840 4097 925 4160 illam
939 4097 1049 4177 creati,
1063 4113 1280 4181 nempenrea·

49 4239 52 4243 <
69 4217 143 4272 tum
157 4208 188 4271 id
203 4225 284 4287 osse,
299 4207 389 4271 nulus
401 4207 567 4271 existentia
580 4204 727 4271 habuerit
740 4204 874 4269 initium:
898 4221 1008 4268 verum
1023 4205 1093 4268 ideo
1113 4204 1201 4266 illam
1221 4202 1282 4265 ad·

67 4321 178 4397 mitt0,
193 4318 266 4397 qnia
283 4316 374 4382 video
389 4316 455 4379 fieri
467 4333 529 4381 non
545 4332 649 4396 posse,
673 4325 708 4378 ut
722 4318 818 4380 series
832 4316 953 4380 infinita
975 4325 1047 4378 aeto
1067 4315 1215 4391 exsistat·
1229 4307 1291 4375 aut
