2970 5002
146 264 204 332 tes

144 397 360 476 «plantarum
383 388 700 483 eopiazvarietasin'
728 391 775 456 bls
799 408 863 470 nou
889 398 1013 470 magna:
1041 389 1168 453 nullum
1192 388 1233 453 eir
1258 407 1363 454 mam*

138 526 156 565 n
178 506 327 580 malibus,
351 505 417 566 avis
439 504 539 580 nullm
554 504 663 581 verbo,
678 501 931 563 nullumanimal
951 502 1066 563 densus
1087 500 1144 564 bas
1159 500 1268 580 sylvas
1292 502 1361 563 ani-

27 701 29 706 Ι
141 636 155 672 c
176 615 283 675 mabat
304 633 333 674 ».
356 613 403 675 lta
428 612 594 692 Adolpbus
615 611 782 689 Brogniert
801 614 828 671 1.

177 721 349 800 Oppouuut
368 722 511 802 quidam,
531 720 766 800 plantassolari
790 723 871 784 luce·
889 720 1090 810 indigerent
1115 719 1216 783 rob'ur
1247 720 1358 801 acqui:

104 829 108 833 ’
137 838 230 906 rant,
256 848 292 889 ac
315 831 502 909 praesertim
525 836 561 890 ul
583 846 693 892 earum
709 829 795 891 lolia.
811 830 977 892 virescant.
995 826 1102 891 Obiter
1127 825 1285 904 adverto,
1314 831 1357 890 vi·

135 938 270 999 ridentia
283 939 337 999 illa
358 938 434 1001 lolia
449 948 595 1001 nostrum
609 938 765 999 neminem
790 939 919 1005 vidisse.
946 938 979 1000 ln
1009 937 1135 1015 vulgata
1150 938 1285 1019 quidem
1315 939 1354 999 le·

133 1049 233 1122 gilon·
256 1047 416 1109 Germinet
430 1055 519 1110 terro
542 1047 670 1109 herbam
694 1048 861 1126 uirentem,
883 1058 916 1110 at
941 1064 1004 1110 vox
1026 1046 1084 1108 illa
1106 1049 1265 1110 uirentem
1294 1050 1352 1110 noir

134 1156 266 1233 adparet
286 1156 371 1236 apud
399 1156 490 1233 LXX,
517 1156 575 1236 qui
600 1156 750 1232 reddunt,
778 1156 906 1219 beroam
937 1155 1062 1236 pabuli,
1089 1172 1147 1218 neo
1185 1157 1352 1220 inversio

135 1261 229 1324 nibus
255 1280 348 1341 syra,
373 1263 522 1341 arabica,
545 1264 754 1339 samaritana,
777 1261 926 1346 persice,
947 1280 1010 1327 uec
1047 1264 1132 1343 apud
1155 1262 1301 1326 Onkeion
1325 1270 1350 1324 el

136 1369 301 1432 lonathan.
325 1370 504 1432 Hebraeum
529 1373 635 1450 potius
658 1371 934 1451 interpretandum
955 1375 1041 1436 docti
1064 1381 1197 1452 putant,
1230 1372 1347 1433 borbum

142 1486 280 1557 teneram
304 1477 352 1538 vel
371 1491 518 1558 paruam,
550 1478 615 1539 sive
636 1476 809 1540 terentem
836 1479 896 1540 Pro
920 1480 1062 1558 pleniore
1089 1487 1201 1540 autem
1227 1496 1346 1558 respon*

141 1589 242 1665 sione,
265 1587 357 1667 plura
376 1606 417 1647 ex
437 1585 576 1665 physicis
599 1587 714 1651 adduci
739 1596 883 1666 possent.
899 1588 1038 1651 Sufficiet
1064 1596 1170 1650 tamen
1193 1587 1341 1655 admone·

138 1682 184 1773 ro,
199 1713 250 1757 me
266 1695 342 1757 solis
360 1694 494 1756 lucema
510 1694 602 1756 tertie
615 1696 675 1756 die
698 1713 765 1758 non
790 1697 961 1757 excludere
988 1696 998 1778 l
1014 1695 1175 1775 §xxxix
1193 1694 1314 1770 ,XLVll
1326 1693 1343 1772 l,

138 1802 214 1864 licet
235 1817 348 1880 negem
363 1818 440 1863 cum
452 1801 550 1877 llose,
563 1801 645 1864 Solis
660 1798 771 1864 laciem
799 1812 1030 1884 antequarlam
1058 1804 1143 1865 diem
1171 1810 1276 1865 terrae
1296 1800 1341 1863 ad·

136 1910 292 1991 paruisse.
325 1910 469 1972 lamvero
495 1909 615 1971 debiles
635 1910 717 1973 Solis
753 1912 832 1972 radii
862 1929 918 1992 per
945 1914 1046 1974 nubes
1078 1920 1243 1990 meantes,
1277 1910 1341 1971 satis

136 2019 257 2081 hebent
268 2019 396 2095 virium,
412 2025 448 2080 ut
476 2019 632 2080 virescere
661 2018 777 2081 iaciant
798 2019 873 2082 folin
896 2032 928 2082 et
955 2021 1144 2098 vegetationi
1167 2018 1340 2081 inserviant:-

135 2129 234 2190 immo
249 2127 364 2190 mellus
383 2127 417 2190 id
443 2134 606 2208 praestant
629 2146 725 2208 quam
751 2129 831 2206 ignis
861 2131 949 2206 radii,
969 2137 1054 2190 certe
1079 2127 1180 2212 magis
1203 2129 1343 2200 lucentes,

135 2235 251 2315 qulbus
274 2236 314 2296 ad
335 2234 585 2298 caletaclendum
606 2238 655 2298 vel
676 2236 1077 2299 illuminandum'utimur.
1092 2237 1214 2300 Revera
1228 2236 1260 2297 in
1276 2235 1342 2296 den·

137 2343 270 2406 sissimis
286 2344 383 2424 sylvis
404 2355 436 2406 et
458 2345 489 2406 in
511 2363 622 2407 eorum
648 2354 768 2420 contre,
793 2346 848 2407 ubi
872 2362 1044 2425 numquam
1060 2342 1171 2407 direnti
1198 2343 1280 2406 Solis
1304 2357 1344 2402 re*

134 2453 177 2512 dli
199 2462 378 2531 penetrant,
391 2452 507 2515 virides
521 2454 650 2518 arbores
665 2453 877 2517 videmus.·Et
897 2455 929 2516 iu
953 2455 994 2515 iis
1012 2453 1197 2531 regionibus
1222 2453 1277 2515 ubi
1295 2451 1342 2513 So⁴

134 2559 173 2620 lis
195 2558 289 2621 facies
310 2560 375 2621 lere
388 2578 516 2640 semper
528 2563 613 2624 nube
627 2561 751 2623 velatur
763 2561 838 2624 lolia
857 2570 965 2623 tamen
978 2564 1153 2625 virescunt.v

173 2667 451 2747 supervacaneum
471 2669 596 2731 videtur
618 2670 801 2749 inquirere,
840 2679 950 2732 utrum
977 2672 1092 2751 stirpes
1114 2658 1265 2735 eius'dem·
1282 2688 1343 2753 spe·

136 2775 196 2836 ciei
219 2792 331 2837 omnes
355 2793 395 2837 ex
419 2794 481 2839 unu
513 2778 656 2839 orientur
682 2786 737 2840 aut
764 2795 804 2840 ex
828 2779 953 2843 duabus
967 2807 977 2854 ¹,
1000 2781 1104 2858 quoad
1137 2782 1262 2860 species
1283 2782 1341 2843 illas

134 2884 166 2944 in
190 2883 307 2963 quibus
330 2900 448 2962 organa
466 2884 720 2950 foecundationis
745 2904 808 2951 non
832 2899 907 2950 suut
930 2878 962 2950 i'n
984 2907 1048 2952 uuo
1071 2889 1252 2969 eodemque
1274 2890 1341 2952 indi·

134 2994 232 3056 viduo
254 3001 301 3068 ut,
325 3003 414 3074 puta,
442 2996 474 3058 in
490 2997 625 3076 palmis.
648 2994 747 3073 idem,
774 2997 861 3076 quod
882 2998 921 3059 ad
948 2997 1041 3060 bruta
1061 3005 1210 3078 spectat,
1234 2998 1342 3080 inquiri

132 3110 248 3184 potest.
271 3104 429 3167 Linnaeus
451 3104 581 3185 quidem
594 3106 758 3169 contendit
783 3128 797 3165 n
819 3107 912 3169 initio
934 3125 1052 3186 rerum,
1074 3108 1217 3171 exomni
1241 3108 1338 3189 specie

134 3234 152 3274 «
174 3214 346 3275 viventium
370 3213 501 3277 unicum
517 3232 612 3276 senus
633 3232 690 3294 per
712 3225 852 3278 creatum
874 3216 972 3278 luisse
996 3215 1014 3296 (
1023 3215 1141 3279 Pbilos.
1156 3218 1271 3281 Bolon.
1280 3219 1299 3299 )
1315 3239 1341 3278 r.

132 3324 176 3388 At
196 3324 227 3384 id
242 3339 312 3384 'uon
333 3322 423 3383 lacile
436 3322 648 3387 demonstrari
669 3333 784 3407 polest,
809 3326 953 3407 quamvis
976 3342 1040 3388 non
1061 3327 1276 3407 improbabile
1299 3327 1346 3387 vi-v

131 3433 268 3510 deatur;
290 3432 374 3496 [leus
395 3437 478 3494 enim
499 3434 747 3515 nonsoletper
761 3454 796 3498 se
816 3438 996 3498 immediate
1021 3435 1145 3512 facere,
1170 3439 1260 3518 quod
1286 3452 1336 3517 per

133 3539 220 3616 leges
244 3557 262 3600 a
286 3558 320 3602 se
345 3543 464 3620 positas
486 3541 629 3604 obtinere
650 3552 766 3622 potest;
783 3545 961 3606 cuiusmodi
985 3552 1034 3605 est
1056 3545 1290 3609 incrementum
1309 3549 1337 3604 et

134 3646 261 3709 diffusio
282 3651 454 3712 viventium
471 3648 499 3708 2.
522 3651 557 3713 ln
580 3651 693 3714 Genesi
714 3659 800 3714 certe
815 3652 893 3713 nibil
906 3651 1012 3731 quoad
1029 3651 1107 3724 haec
1129 3651 1278 3728 legimus.
1341 3659 1345 3667 '

173 3758 209 3819 L.
224 3759 353 3823 Divinus
368 3761 449 3824 liber
464 3762 557 3824 doeet
573 3761 794 3824 tantummodo
809 3760 909 3823 Deum
922 3761 1061 3821 iussisse:
1078 3759 1240 3828 Prodmat
1258 3770 1344 3825 terro

165 3955 182 4003 1
204 3953 373 4010 domiuum.
390 3972 436 4009 aar
452 3956 481 4009 le
499 3963 595 4011 nature
612 3956 658 4009 des
675 3958 880 4023 stultorumque·
903 3962 951 4007 out
965 3961 1073 4008 convert
1084 3955 1116 4006 lu
1132 3957 1260 4025 superfice
1272 3956 1303 4011 dr
1320 3956 1346 4008 lu

129 4058 268 4105 terrenae
291 4052 408 4106 diuersus
427 4059 538 4122 speques
555 4054 588 4109 de
604 4069 637 4127 su
658 4053 807 4122 formation
827 4078 862 4092 -
874 4055 965 4106 instit.
984 4067 1026 4105 ae.
1046 4051 1091 4104 des
1115 4052 1244 4106 solennes.
1264 4055 1343 4106 Puris

130 4157 151 4200 t.
170 4146 242 4203 xvi.
261 4165 290 4218 p.
309 4150 369 4203 l23.
878 4151 880 4154 ’

164 4247 182 4296 2
200 4252 329 4302 Romano.
350 4248 506 4303 lesciense
523 4227 826 4306 dell'uomuiuteriure.
847 4249 905 4305 llol.
926 4252 971 4304 lll.
992 4249 1268 4319 Touleuiua-Nupoli
1282 4246 1348 4304 lbll

132 4357 159 4409 p.
180 4341 242 4397 385.
1012 4336 1015 4341 ’
1097 4331 1102 4338 ’
