2970 5002
141 312 201 376 sot

136 452 186 513 bis
209 457 298 524 utor,
326 449 382 511 sed
404 466 442 510 ea
468 447 522 509 Dei
545 448 612 510 sole
640 446 803 510 voluntate
827 440 962 524 pendeat
977 440 1060 522 ,teli
1082 444 1137 504 a'ut
1159 439 1212 504 tali
1236 445 1347 520 puncto

136 560 291 638 temporis
315 557 452 635 Angelos
474 554 618 635 produci:
634 554 690 616 Dei
710 560 817 618 aulem
839 552 1035 614 voluntatem
1055 551 1143 614 nulla
1166 551 1288 612 retirane
1306 551 1360 610 in-

136 668 292 745 vestigere
314 682 494 745 possumus,
522 664 583 726 nisi
603 682 642 726 ex
663 664 701 726 iis
721 664 898 744 quaefacta
913 662 1161 727 videmus.Cum
1176 659 1273 737 igitur
1289 676 1349 722 non

140 782 265 837 constet
284 792 323 834 ex
343 774 382 835 iis
404 791 485 854 qnae
517 772 597 835 lecta
617 773 763 835 videmus
778 818 787 852 ,
802 778 910 835 utrum
933 770 1046 848 Angeli
1071 767 1166 830 simul
1191 767 1358 829 duratione

142 898 216 943 eum
238 887 381 943 ereatura
412 896 589 961 corporea,
612 886 667 981 aut
689 885 763 940 ante
787 877 877 940 illam
901 877 1048 956 producti
1069 874 1196 950 inerint,
1212 874 1288 937 nibil
1311 875 1351 935 de

140 990 305 1051 voluntate
326 987 379 1050 Dei
401 990 483 1050 circa
518 995 672 1069 punctum
697 987 917 1069 productionis
938 985 1085 1068 ipsorum
1111 1003 1151 1047 ex
1164 983 1243 1065 ipsis
1259 983 1347 1046 rebus

145 1096 323 1176 intelligere
338 1113 521 1177 possumus.

178 1203 240 1267 Sed
262 1221 364 1286 neque
385 1220 425 1266 ex
444 1204 574 1268 Petrum
599 1203 793 1285 traditione,
814 1204 841 1268 si
862 1202 1113 1285 praescindimus
1129 1202 1170 1265 ab
1191 1200 1338 1265 Ecclesiae

137 1313 344 1393 anctoritate,
367 1313 442 1376 satis
463 1311 592 1376 firmum
611 1322 833 1392 argumentum
849 1330 906 1394 pro
921 1311 1097 1375 delinienda
1112 1312 1171 1374 bac
1193 1310 1339 1393 quaestio·

139 1440 179 1482 nc
200 1421 341 1483 derivare
363 1438 544 1502 possumus.
566 1423 703 1485 Graecus
723 1423 855 1503 quidam
887 1421 1022 1501 scriptor
1043 1421 1076 1483 in
1098 1438 1158 1482 ms.
1182 1422 1290 1483 codice
1309 1439 1337 1481 e·

138 1529 203 1610 pud
228 1528 389 1591 Patavium
422 1528 510 1591 tait:
536 1547 555 1592 n
577 1527 693 1592 Omnes
714 1531 946 1610 propemodum
969 1546 1026 1609 per
1056 1529 1168 1591 orbem
1190 1527 1334 1590 Ecclesiae

142 1659 157 1697 a
179 1639 321 1717 magistri
340 1637 569 1716 intelligibilem
584 1655 712 1702 omnem
727 1647 759 1700 et
769 1639 945 1717 angelicam
970 1644 1116 1706 naturam
1130 1655 1169 1699 ex
1184 1636 1281 1699 nihilo
1293 1655 1335 1699 an·

139 1769 157 1816 n
180 1756 210 1810 te
225 1748 311 1812 bunc
331 1748 485 1810 mundum
500 1747 641 1810 extitisse
662 1749 778 1811 docent
793 1770 821 1810 n.
837 1748 954 1811 Verum
978 1749 1056 1810 haec
1078 1747 1254 1811 Doctorum
1270 1764 1335 1810 con-

138 1860 244 1922 sensio
268 1858 345 1921 falsa
366 1865 439 1935 e'st3
462 1857 522 1920 nisi
547 1858 738 1937 intelligetur
761 1864 833 1920 ante
857 1857 1013 1920 mundum
1036 1858 1214 1937 prefectum
1235 1866 1267 1919 et
1289 1874 1333 1920 or·

137 1976 272 2046 natum,
295 1968 315 2028 i.
339 1985 367 2028 e.
385 1974 456 2029 ante
469 1967 653 2028 animalium
676 1967 866 2028 creationem
882 1962 1020 2043 Angelos
1043 1967 1214 2029 exstitisse.
1230 1967 1335 2029 Condi-

136 2084 186 2139 tos
209 2084 281 2138 ente
305 2077 410 2140 omnia
431 2092 563 2157 corpora
576 2067 713 2154 Angelos
735 2074 849 2138 decent
868 2092 942 2137 cum
964 2073 1101 2153 Rasilio',
1127 2077 1278 2155 Origenes
1295 2077 1337 2159 qui

136 2194 241 2247 tamen
259 2185 397 2264 fatetur,
419 2201 483 2247 non
507 2185 583 2246 satis
605 2185 771 2246 manifeste
792 2185 954 2264 proditum
975 2202 1064 2264 esse,
1087 2187 1217 2266 qnando
1237 2186 1336 2266 ,legali

137 2293 235 2354 creati
256 2293 341 2371 sinl3
365 2301 431 2355 tum
456 2293 625 2371 Gregorius
650 2293 884 2371 Nazianzenus,
910 2292 1073 2355 Zacharias
1088 2293 1294 2373 Mytilenaeas
1313 2295 1333 2370 ²,

136 2403 349 2464 Damascenus
368 2403 397 2481 ³,
420 2402 605 2463 Severianus
627 2401 851 2475 Gabalitanus,
877 2400 992 2480 aliique
1014 2401 1136 2482 Graeci,
1160 2405 1334 2483 praesertim

140 2509 272 2572 loannes
295 2497 490 2588 Philoponus
512 2508 566 2588 qui
591 2508 674 2570 illius
690 2508 863 2570 sententiae
885 2509 1334 2587 patrocinium'defensionem-

141 2634 201 2695 que
228 2617 379 2695 suscepit,
402 2615 486 2676 ldem
511 2615 604 2677 tradit
626 2614 727 2676 llloses
745 2615 800 2694 Ep.
814 2616 953 2698 Sprusl,
974 2619 1118 2697 quemvis
1139 2629 1269 2693 asserat,
1287 2633 1333 2697 po·

44 2705 46 2710 ³
135 2724 266 2803 pnlares
289 2741 363 2784 suos
385 2722 560 2784 contrariae
582 2724 756 2783 sententiae
773 2724 962 2785 adhaesisse.
986 2723 1070 2784 Inter
1090 2725 1230 2798 latinos,
1255 2739 1334 2803 prae-

134 2843 183 2892 ter
204 2833 314 2893 citatos
334 2830 540 2893 Ambrosium
554 2837 585 2890 et
596 2828 834 2911 Hieronymum,
849 2832 984 2894 Hilarius
1008 2833 1211 2896 Pictavien'sis
1228 2822 1258 2916 Β,
1272 2835 1332 2897 Ces·

135 2943 242 3001 sitinus
265 2948 297 2999 et
310 2939 363 2998 elii
385 2937 435 3020 (v.
451 2937 555 2999 Pelav.
572 2939 594 2998 l.
612 2955 639 2998 c.
657 2937 665 3017 )
689 2939 830 3017 opinioni
853 2940 925 3001 huic
941 2940 1187 3020 adstipulantur.
1288 3011 1292 3019 ,

175 3047 331 3110 lxxxiv.
353 3045 399 3106 Ex
420 3047 553 3107 adverso
574 3045 769 3126 Epiphanius
791 3066 809 3106 n
834 3046 926 3125 lllnd,
963 3048 1017 3125 ait,
1040 3050 1203 3113 evidenter
1223 3052 1330 3114 divinus

135 3183 152 3235 a
174 3173 279 3220 sermo
301 3155 451 3233 declarat,
478 3171 580 3234 neque
601 3162 675 3234 pest
698 3155 804 3215 sidera
819 3157 1155 3238 productosAngelos,
1172 3176 1327 3241 nequean-

133 3291 149 3328 e
174 3277 203 3328 te
225 3266 364 3344 coelum,
388 3274 566 3343 terramque
589 3261 792 3326 constitutos.
807 3262 864 3326 Est
884 3266 968 3328 enim
989 3274 1073 3330 certa
1096 3269 1149 3330 iila
1170 3276 1203 3331 et
1226 3271 1328 3330 immu-

134 3400 152 3436 n
176 3376 279 3439 rabilis
303 3376 469 3453 sententia,
494 3379 567 3436 ante
588 3371 713 3436 coelum
736 3379 767 3435 et
789 3378 905 3437 terram
939 3375 1171 3443 nihilomnino
1197 3378 1328 3443 condita-

166 3597 178 3645 1
199 3599 228 3647 L.
249 3596 273 3644 1.
293 3594 311 3659 ᾗ
329 3595 355 3646 2.

164 3692 181 3741 2
200 3692 350 3746 armandum
369 3691 437 3744 hune
450 3693 605 3749 sensibilem
619 3703 645 3748 et
658 3696 849 3764 aspectabilem
862 3700 962 3751 lactum
980 3711 1040 3752 esse
1058 3707 1120 3767 pest
1132 3698 1332 3769 intelligibilium

74 3770 77 3775 ’
129 3789 366 3855 procreationem»
385 3790 478 3843 scribit
495 3804 537 3858 ap.
557 3794 646 3846 Peter.
666 3795 685 3845 l.
706 3798 731 3845 1.
750 3795 769 3867 ς
787 3795 813 3848 d.

163 3887 180 3934 3
199 3903 214 3935 n
233 3891 287 3953 Ege
305 3891 433 3954 Gregorio
451 3889 582 3956 theologo
609 3890 759 3945 subscribe.
780 3893 893 3945 berebet
919 3895 990 3947 enim
1011 3895 1125 3962 primum
1145 3896 1333 3964 intelligibilem

131 4000 145 4029 n
164 3982 339 4035 substantiam
356 3987 456 4050 erenri3
476 3997 531 4038 tum
550 3987 727 4053 sensibilem,
745 4002 775 4040 ac
801 3988 909 4042 demum
927 4006 958 4044 ex
976 4001 1087 4058 utraque
1103 3996 1281 4061 compositum
1299 3993 1336 4044 be.

131 4095 145 4123 a
164 4074 261 4130 rainere
275 4090 300 4125 n.
313 4078 343 4126 L.
356 4076 383 4128 2.
396 4093 420 4130 c.
434 4080 459 4130 3.
473 4083 512 4132 lta
525 4081 626 4141 c.1,l:
639 4097 652 4129 n
671 4080 744 4133 Fecit
757 4081 871 4146 primum
885 4082 1063 4149 intelligentes
1074 4087 1254 4156 coelestesque
1265 4088 1338 4144 virtu·

133 4193 146 4222 «
167 4185 215 4225 trs:
234 4173 328 4227 deinde
346 4175 478 4227 risibilem
496 4183 523 4228 et
541 4177 696 4230 sensibilem
716 4177 845 4231 mundum
864 4197 891 4231 a.

165 4275 180 4323 d
199 4274 238 4324 Dc
256 4271 361 4323 Perud.
380 4274 409 4324 P.
429 4272 455 4323 2.
474 4288 497 4324 e.
516 4273 545 4323 7.

109 4395 119 4408 -
198 4372 356 4435 Angelorum
374 4373 445 4436 eripe
465 4375 547 4425 terrae
565 4374 699 4426 creatione
711 4376 849 4442 antipetier
866 4377 898 4432 ab
917 4393 947 4433 eo
968 4378 1075 4434 dicitnr.
1085 4383 1115 4434 1..
1135 4384 1192 4436 xit.
