2970 5002
96 280 191 346 -tet

131 417 328 483 constituunt
349 419 486 501 plantae,
502 420 549 485 uti
571 421 680 485 dieunt
698 472 706 502 ,
723 424 944 505 cryptopemoe
969 424 1167 506 accentores,
1186 420 1350 512 antiquior

128 545 202 619 ¹csse
216 531 341 605 ceteris,
358 547 396 591 ex
412 530 579 595 doctorum
595 532 881 614 observationibus,
898 536 1034 600 videtur.
1051 537 1241 604 Huiusmodi
1258 544 1352 622 plau-

132 647 183 701 tae
209 641 295 703 ouini
324 649 431 703 carent
454 640 552 721 llere,
568 647 601 703 et
614 643 809 722 simpliciora
824 663 942 724 organa
962 647 1085 711 tructus
1100 650 1174 713 loco
1188 644 1349 719 exhibent

74 743 78 752 '
134 747 293 825 Vegetalia
316 755 422 814 sutem
437 749 563 828 marina
586 747 620 812 in
647 751 684 813 iis
704 752 925 833 antquioribus
941 757 1075 820 terrenis
1090 771 1172 839 quae
1188 766 1349 826 terrestria

133 857 283 935 vegetalia
297 861 472 933 continent,
485 875 662 940 numquam
679 869 804 941 roperta
817 870 903 925 suot.
918 863 953 924 lu
966 869 1094 928 terreno
1103 857 1253 932 colomeo
1267 874 1349 952 quod

132 967 257 1030 substat
280 967 410 1031 carboni
437 967 552 1047 fossili,
577 969 687 1048 pluras
715 971 836 1050 speeies
864 973 1054 1052 vegetabiles
1074 981 1241 1041 terrestres
1257 988 1347 1060 quari

131 1079 292 1158 marinas,
314 1079 371 1142 lras
390 1095 468 1142 vero
489 1079 713 1144 tantummodo
733 1096 772 1141 ex
802 1096 866 1146 uno
888 1098 1005 1167 genere
1025 1086 1156 1167 reperiit
1178 1086 1344 1171 Adolphus

129 1186 305 1264 Brogolart.
1080 1275 1082 1277 ι
1339 1221 1341 1223 ’

170 1297 226 1360 llic
251 1297 334 1361 idem
349 1315 480 1361 suarum
504 1314 569 1389 ope
590 1297 848 1392 disquisitiooum
873 1297 1011 1380 deducit,
1028 1304 1163 1368 virentia
1180 1308 1285 1386 primu
1300 1325 1344 1371 su·

132 1427 189 1488 por
206 1409 434 1472 terramluisso
448 1409 622 1488 vegetaliat
652 1427 692 1472 err
720 1410 780 1475 boc.
806 1409 920 1472 deduci
949 1412 1085 1491 ridetur,
1112 1418 1216 1494 prima
1229 1417 1283 1477 illa
1298 1432 1343 1478 vess

16 1563 18 1567 >
130 1518 301 1595 gelatioais
316 1519 450 1598 periodo
464 1520 568 1583 multo
584 1521 739 1584 maiorem
764 1520 826 1583 rim
847 1522 931 1584 ocirli
950 1518 1109 1586 sardonici
1127 1524 1225 1588 luisse
1238 1522 1271 1588 in
1284 1529 1343 1588 aire

131 1645 227 1708 quam
241 1629 338 1692 modo
350 1629 402 1706 sit;
418 1634 523 1691 aerem
542 1630 690 1710 proinde·
702 1646 798 1711 quarn
821 1625 1044 1712 opportunum·
1060 1636 1252 1714 vegetationi
1278 1651 1342 1716 proi

133 1739 335 1815 movendae,
364 1742 428 1800 tam
454 1741 599 1818 ineptum
626 1738 810 1802 animalium
837 1741 1037 1821 respirationi
1061 1760 1099 1805 eo
1114 1744 1343 1824 temporoexti

133 1849 219 1935 tissa.
238 1850 282 1911 lta
303 1864 413 1910 recens
435 1858 509 1910 outa
534 1849 630 1912 tellus
646 1849 799 1929 stirpibus
822 1852 1124 1933 supervestiebatur,
1151 1855 1267 1934 stirpes
1280 1862 1342 1917 vero

132 1960 166 2020 in
180 1965 254 2021 aare
267 1961 312 2022 sie
336 1968 526 2040 praeparato
541 1960 687 2038 opimum
712 1947 903 2023 alimentum
925 1961 1136 2042 reperiebant.
1167 1962 1246 2032 lloo,
1260 1956 1341 2044 pacto

131 2069 311 2148 explicatur·
328 2087 385 2131 eur
399 2069 548 2148 segetulis
577 2071 666 2148 regni
693 2071 812 2132 creatio
837 2070 1065 2150 praecesserit,
1095 2077 1127 2133 et
1148 2074 1265 2153 stirpes
1281 2073 1340 2134 ani·

133 2177 270 2240 malibus
297 2178 579 2259 sintaotiquiores.
596 2179 717 2242 Revera
733 2179 933 2242 Providentia
958 2178 1061 2240 divina
1083 2179 1188 2241 onznia
1213 2178 1341 2242 annullet

130 2285 297 2368 disponens
320 2293 352 2347 et
366 2286 483 2349 iaciens
508 2288 717 2366 intempore
743 2295 825 2363 suo,
855 2286 1013 2349 credenda
1036 2295 1085 2348 est
1112 2287 1276 2350 distulisse
1289 2287 1340 2350 lor·

16 2464 18 2468 *
133 2394 306 2456 mationem
333 2395 529 2469 animalium,
558 2411 670 2456 eorum
694 2394 880 2474 praesertim
906 2394 1231 2475 quiliberumadrem
1258 2393 1341 2473 respi'

129 2509 222 2579 rant,
261 2503 300 2564 ad
327 2501 408 2562 illud
435 2490 537 2582 usque
564 2509 688 2581 tempus
715 2517 781 2582 quo
808 2502 1030 2581 atmosphaera
1061 2503 1277 2581 opportunior
1300 2517 1338 2563 re·

129 2614 297 2694 spirationi
312 2614 422 2675 erasit.
441 2594 481 2673 Et
491 2612 644 2691 quoniam
660 2611 744 2674 Deus
760 2611 936 2674 successive
963 2628 1013 2673 res
1029 2609 1139 2692 perlici
1154 2612 1277 2687 voluit,
1300 2609 1343 2672 la-²

44 2787 46 2793 ,
130 2723 190 2782 elle
213 2722 376 2800 creditur,
395 2721 567 2799 vegetatis,
589 2719 705 2801 quibus
721 2717 869 2782 animalia
894 2718 1002 2781 vivunt
1028 2727 1059 2780 et
1080 2727 1232 2782 crescunt
1249 2742 1256 2800 3
1276 2722 1342 2780 aote'

132 2829 247 2890 borum
270 2833 378 2890 ortum
402 2829 432 2889 in
451 2829 552 2890 lucem
567 2831 650 2892 edita
662 2837 695 2891 et
709 2830 785 2891 satis
798 2838 972 2909 propagata
987 2827 1093 2890 luisse.
1112 2827 1218 2906 Addo,
1233 2822 1344 2908 primas

130 2936 200 2997 illas
217 2936 340 3016 plantas
368 2946 588 3016 cryptogamas
603 2938 707 2999 minus
733 2945 822 3016 aptas
845 2937 945 2998 videri
966 2935 1131 2998 nutritionl
1152 2933 1344 2997 terrestrium'

131 3046 363 3121 animantium,
393 3045 436 3106 ob
461 3042 610 3108 loliorum
637 3044 826 3122 rigiditatem
850 3051 882 3105 et
907 3044 1080 3107 carentiam
1094 3040 1261 3108 fructuum
1276 3058 1341 3106 suo·

130 3157 333 3218 colen-torum
355 3164 388 3218 et
409 3173 581 3234 granorum
602 3155 737 3218 farinam
753 3152 988 3234 praebentium.

104 3310 108 3324 .
139 3284 143 3291 ·
171 3265 285 3328 Notata
303 3267 676 3346 dignnsuntquaeanno
694 3264 773 3327 1842
799 3263 924 3341 legebat
951 3265 984 3324 in
1006 3261 1178 3326 Academia
1203 3261 1345 3326 selentia·

131 3392 208 3438 rum
229 3370 395 3436 Purisiensl
423 3376 464 3438 cl.
498 3372 714 3436 Gaudiclroud:
735 3393 749 3430 a
774 3372 868 3449 Deus,
892 3372 1004 3434 tellure
1030 3379 1161 3448 creata,
1190 3386 1263 3434 cem
1286 3372 1346 3435 loe·

132 3502 150 3545 a
167 3485 304 3546 condere
317 3484 454 3548 voluit...
471 3482 671 3546 validissime
687 3481 811 3559 ingenia
834 3480 947 3542 veteris
969 3488 1001 3540 et
1017 3482 1203 3542 recentioris
1231 3480 1300 3543 acri
1320 3479 1345 3539 ir

130 3612 149 3655 n
165 3595 224 3656 lroc
248 3595 450 3669 conveniunt,
473 3593 599 3672 plantus
623 3590 812 3652 animalibus
840 3590 1063 3668 praecessisse,
1085 3594 1271 3668 terramque
1293 3583 1355 3651 illls‘

129 3726 148 3765 n
164 3705 367 3768 eonr‘ostitam
386 3704 483 3765 luisse
514 3709 625 3775 totam,
649 3701 834 3779 priusquam
850 3697 1142 3778 haecapparerent,
1159 3698 1251 3779 q'uod
1267 3700 1344 3761 idom

134 3838 148 3872 a
163 3817 193 3876 in
221 3805 352 3878 lristoria
377 3820 502 3893 septena
524 3808 717 3890 epocharum
739 3818 794 3870 aot
829 3807 1010 3870 diuinorum
1032 3808 1155 3869 dierum
1181 3805 1344 3871 creationis

132 3926 198 3985 ‹tal›
226 3933 328 3987 aetate
356 3897 387 3983 in
408 3927 546 3982 aetatem
572 3919 746 3997 transmisit
769 3917 950 3994 theologia.
967 3912 1071 3980 Nostri
1094 3917 1251 3996 temporis
1280 3915 1343 3978 Phi·

129 4055 146 4094 n
162 4035 287 4116 losoplri
302 4083 309 4114 ‚
327 4031 463 4111 'quidam
488 4012 743 4092 demonstrantes
762 4023 771 4108 ‚'
793 4027 955 4091 hominem
983 4026 1014 4088 in
1030 4021 1268 4105 antiquioribus
1285 4034 1348 4089 ter·

128 4145 244 4206 «rents
258 4142 396 4216 ‘vestigia-
415 4157 493 4201 suec
516 4126 702 4201 eristeutlae
728 4155 790 4201 noo
808 4137 988 4218 reliquisse·
1003 4135 1054 4198 alli
1067 4130 1150 4215 qaae¹
1171 4136 1345 4216 simplicio·

131 4274 147 4312 n
163 4271 195 4313 ra
219 4257 296 4312 sunt
323 4250 405 4308 iuter
431 4247 583 4324 vegetalia
601 4247 662 4308 illis
686 4246 895 4327 praecessisse
917 4262 997 4324 quac
1022 4242 1254 4321 complicatiori
1284 4246 1350 4324 pol·

133 4382 146 4416 a.
163 4360 227 4420 leret
248 4354 504 4432 constitutione,
533 4352 656 4429 magnis
678 4354 808 4434 epochis
833 4351 974 4432 priorum
1002 4351 1348 4430 temporumseientiae
