2970 5002
63 111 121 159 sau
146 93 371 168 obscuritatem
393 95 644 172 antecedentem,
659 98 859 165 continenter
874 102 959 169 diem
977 105 1091 188 inisse,
1105 70 1230 178 scilieet
1247 130 1292 182 ex

61 220 130 284 quo
144 204 265 267 solares
283 203 361 266 radii
376 219 436 284 pec
446 208 582 269 enatum
596 197 789 271 nebulosum
804 216 911 276 meare
924 225 1098 296 coeperunt
1112 230 1292 306 numquam

62 313 314 375 tellurisorbem
338 312 410 377 luce
428 313 507 391 dae,
532 317 679 406 quamuis
698 317 820 382 debilis·
834 319 889 383 ille
912 322 1031 407 inerit,
1052 330 1204 396 aruisse
1222 335 1301 398 dn·-

62 427 191 500 manem
212 423 291 483 haec
314 422 370 484 lua
391 432 558 503 appareret
577 423 644 502 fuit
662 443 806 507 uespere,
833 446 933 511 quum
955 433 1095 514 primum
1126 439 1291 506 haecohe

61 538 223 609 orteest,
247 539 314 594 tum
335 548 425 594 cnunc
448 531 512 594 init
534 532 695 595 secundae
717 534 791 598 diei.
810 537 936 623 ¹Vesper
956 551 1063 606 aulem
1084 545 1202 610 derum
1217 548 1289 620 luite

62 639 227 702 deliciante
249 640 308 703 lroe
328 639 410 710 luce:
435 641 492 702 sed
515 641 574 704 irae
594 642 635 704 do
657 660 703 723 ra,
726 644 767 707 de
786 647 839 710 die
859 653 951 714 tertia
973 661 1114 736 agentes,
1132 656 1288 723 dicemus.

62 748 158 812 llodo
178 749 238 812 lroc
263 767 363 814 unam
379 750 556 831 admoneo,
571 768 636 816 non
653 759 832 822 necessario
845 762 965 842 requiri
985 764 1132 846 nnrrbis,
1158 774 1194 830 ut
1209 768 1297 832 lucis.

63 858 223 921 deiectum
239 860 287 921 lris
304 860 334 920 ic
351 861 431 922 locis
447 874 604 941 ponamus
620 867 750 928 omniuo
762 867 958 948 absolutum
974 890 1038 936 unu
1053 874 1139 939 enlm
1153 875 1204 939 hie
1221 890 1288 942 nox

61 973 118 1028 tut
139 968 288 1029 tenebrae
311 976 544 1046 memorantur,
562 972 618 1034 sed
641 989 775 1054 vespere
797 983 930 1042 uatum.
946 976 1037 1044 Mauo
1051 990 1159 1048 eutem
1179 1000 1209 1047 v.
1234 986 1286 1051 13.

64 1075 128 1134 erit
151 1073 270 1136 reditus
293 1075 377 1138 illius
402 1075 505 1152 lucis,
528 1079 583 1158 qui
607 1079 691 1142 diem
715 1080 843 1146 tortium
859 1090 1060 1168 auspicatur.

102 1182 192 1244 XLll.
213 1182 302 1243 Bene
319 1183 413 1246 etiam
435 1183 529 1246 iilum
552 1202 584 1247 v.
598 1188 636 1249 8
646 1187 846 1268 interpretari
866 1208 906 1254 cx
927 1193 1070 1259 Hebraeo
1092 1214 1280 1278 possumus.

62 1292 103 1352 El
125 1289 188 1369 furt
213 1290 287 1370 (vel
308 1290 438 1372 lueret)
463 1293 652 1358 &moriello
674 1296 801 1382 (βψ),
825 1297 1101 1381 resolidatam,
1126 1304 1176 1364 vel
1200 1320 1279 1385 apo-

61 1402 150 1481 ritto,
167 1404 213 1464 vel
233 1405 338 1484 primu
359 1409 514 1470 actiniaco
538 1406 687 1503 law:
712 1393 781 1486 aies
800 1415 963 1479 secundus
988 1416 1082 1482 lnitio
1104 1418 1199 1484 huius
1223 1438 1285 1502 pe-·

62 1522 141 1587 riodi
165 1523 224 1587 luit
244 1530 449 1605 comatioetr'o
476 1539 530 1595 aut
551 1522 654 1597 luerat
676 1543 749 1597 anie
777 1535 881 1614 ipsum
903 1532 1108 1603 immediate,
1143 1537 1211 1594 turn
1241 1533 1287 1596 ob

61 1633 140 1697 lucis
164 1636 348 1716 delectum,
372 1640 439 1704 lum
463 1642 536 1723 quia
559 1640 749 1707 commixtae
770 1650 862 1705 erant
882 1658 983 1722 aquae
1007 1641 1187 1720 superiores
1209 1628 1284 1702 cnm
1338 1700 1341 1708 .

60 1747 264 1812 inferioribus
279 1769 286 1808 :
304 1748 428 1812 nullum
444 1761 511 1814 erat
525 1768 627 1830 mere,
644 1753 753 1815 nullae
768 1753 869 1815 nubes
883 1768 940 1832 per
962 1749 1155 1830 pellucidum
1176 1753 1284 1812 adrem

62 1871 80 1913 a
94 1855 278 1918 subiacente
292 1856 388 1933 globo
402 1866 565 1936 separatae
578 1878 586 1935 3
603 1866 635 1920 at
649 1866 758 1938 postea
780 1858 840 1919 init
862 1865 894 1918 ot
914 1872 1028 1931 rucco,
1050 1856 1137 1936 quon
1159 1857 1283 1918 reddite

27 1975 40 1983 ·
62 1963 118 2024 lux
130 1963 204 2024 iecit
217 1968 249 2024 at
264 1963 375 2025 divisio
391 1963 473 2025 inter
487 1966 585 2045 aquas
601 1967 781 2045 superiores
800 1964 954 2027 coelestes
977 1971 1009 2025 et
1030 1965 1194 2026 inferiores
1216 1971 1285 2026 tar-

64 2078 207 2145 restros3
232 2072 355 2151 aperiri
378 2055 481 2152 coepit
502 2074 638 2135 obscura
662 2073 715 2134 illa
736 2080 768 2134 et
789 2072 962 2150 caliginosa
983 2070 1099 2135 nebula
1120 2088 1202 2152 quae
1217 2079 1285 2133 ter-

60 2195 176 2239 renum
191 2179 326 2255 globum
347 2181 501 2242 vestiebat
514 2196 550 2242 ae
565 2180 699 2243 nascens
714 2196 803 2243 mare
818 2178 996 2242 involvebat
1012 2228 1019 2258 ,
1042 2186 1073 2241 et
1086 2185 1198 2260 aperte
1220 2194 1279 2258 per

58 2302 130 2346 eam
147 2286 195 2346 via
217 2295 265 2347 cst
279 2286 374 2349 solari
389 2286 511 2364 lumini,
531 2287 694 2370 primoque
714 2296 790 2351 aula
814 2295 861 2352 ert
882 2287 1039 2368 diophane
1060 2286 1284 2365 atmosplraere

58 2399 141 2458 inter
155 2412 253 2477 aquas
268 2405 299 2457 et
314 2413 425 2477 aquas,
441 2410 500 2458 nec
513 2413 579 2460 nou
594 2397 649 2459 lua
664 2396 807 2459 dividens
825 2398 856 2459 ln
871 2396 964 2459 variis
979 2394 1065 2474 globi
1079 2393 1223 2476 partibus
1236 2382 1290 2456 in?

60 2512 110 2567 tec
135 2523 267 2584 regnum
292 2498 357 2566 diei
377 2505 443 2566 sire
469 2503 569 2578 lucis,
594 2512 625 2565 et
639 2506 741 2566 noctis
762 2505 831 2567 'sive
846 2504 1073 2568 tenebrarum.¹

103 2612 249 2674 Fortasse
272 2611 382 2691 primis
404 2612 630 2691 temporibus,
654 2627 727 2673 oum
760 2611 926 2691 temperies
959 2611 1052 2688 longo
1077 2610 1177 2687 magis
1198 2614 1284 2671 esset

55 2723 179 2784 clevata
199 2770 207 2799 ‚
230 2721 336 2782 minus
362 2719 457 2782 velox
479 2717 545 2781 erat
569 2719 691 2781 telluris
714 2723 830 2783 rotatio
856 2720 990 2800 eiusque
1016 2717 1280 2798 atmusplraorae‚

58 2830 150 2892 aulus
174 2844 276 2890 massa
298 2835 330 2890 ct
353 2827 595 2904 proiecturae,
625 2834 725 2905 'quam
747 2826 846 2887 modo
866 2825 951 2898 sint,
986 2833 1063 2892 tuuc
1085 2825 1280 2885 exsistebant

57 2938 205 3001 maiores.
228 2934 347 3000 verum
369 2937 428 2997 irae
449 2950 513 2998 una
542 2934 654 2998 maiori
677 2933 875 3012 longitndine
895 2934 1019 2996 dierum
1042 2946 1123 3013 quos
1145 2930 1199 2994 ille
1222 2946 1281 2993 re·

59 3046 139 3111 tcrtlu
163 3049 293 3110 metitur
316 3043 392 3108 satis
417 3062 512 3125 posse
532 3042 600 3104 iteri
622 3042 863 3123 phaenomerris,
886 3043 963 3124 quin
980 3043 1019 3104 de
1034 3040 1097 3104 alio
1112 3052 1208 3104 sensu
1221 3056 1281 3102 vn-

57 3173 132 3217 cum
160 3155 286 3216 illarum
310 3153 374 3215 dici
391 3204 397 3229 ‚
421 3170 569 3232 vesperae
585 3161 616 3214 et
631 3167 724 3212 arouc—
741 3149 841 3212 simus
862 3151 1013 3228 solliciti,
1034 3162 1099 3213 trun
1114 3148 1220 3211 credo.
1236 3148 1284 3211 llo

55 3264 170 3325 demus
192 3244 369 3340 longiorem
383 3263 494 3341 'primu
508 3259 562 3322 illo
590 3257 905 3339 temporelerrestrio
928 3247 1092 3321 rotationis
1114 3254 1280 3337 periodum

59 3373 170 3452 luisse,
192 3371 270 3433 haee
298 3368 552 3433 diversitas-non
582 3369 662 3432 odeo
685 3382 799 3445 magna
820 3365 889 3429 esse
911 3370 1033 3448 potuit,
1056 3375 1092 3428 ut
1107 3369 1182 3426 salla
1203 3380 1274 3424 esse

61 3489 158 3562 queat
179 3461 344 3543 effectibus
368 3494 448 3560 quos
470 3479 595 3558 goologi
624 3478 833 3542 observarunt
858 3476 1071 3556 explicandis:
1107 3489 1204 3551 quaro
1225 3470 1274 3531 'nil
1305 3535 1309 3539 ,

56 3574 228 3668 itapotost
262 3586 424 3648 conciliari
441 3612 452 3662 ,-
469 3587 548 3648 nihil
568 3585 731 3667 explicari.
754 3581 823 3646 Non
844 3589 892 3641 est
923 3581 1018 3655 igitur
1047 3580 1078 3639 iu
1109 3577 1277 3640 huiusmo-

54 3695 87 3757 rli
113 3692 595 3775 disquisi'ticlreimmorandum.
622 3693 702 3764 Quid
728 3694 814 3754 enim
835 3690 875 3750 ad
902 3702 968 3749 rem
996 3685 1132 3762 iaceret,
1152 3686 1184 3748 si
1206 3693 1284 3748 time
1371 3752 1375 3761 ,

55 3812 189 3882 tempus
214 3801 376 3864 rotationis
402 3803 558 3862 terrestris
580 3800 788 3879 quadraginta
813 3805 885 3859 octo
900 3802 954 3857 aut
978 3795 1206 3877 quinquaginta
1223 3793 1284 3853 lro-

55 3900 98 3975 ris
129 3913 374 3975 contineretur‘i
398 3910 480 3983 Quid
505 3911 634 3988 edituo,
657 3911 682 3969 si
704 3924 766 3970 uno
783 3924 891 3969 mense
905 3912 960 3968 orrt
981 3905 1133 3968 duonasi
1157 3888 1283 3965 Adverss'

53 4032 84 4086 to
110 4032 216 4084 tauron
237 4072 243 4097 ‚
272 4033 409 4084 massam
436 4021 467 4082 in
494 4020 595 4098 spolio
624 4017 705 4081 eirca
723 4017 869 4081 tellurem
888 4017 979 4079 sitam
993 4016 1118 4094 unique
1132 4026 1205 4075 oum
1220 4011 1277 4074 trae

1087 4123 1104 4156 tt
