2970 5002
236 345 294 412 lttt

234 487 379 552 cessantis
404 482 452 547 uel
476 500 538 548 non
561 485 666 546 minus
692 479 837 560 iucundis
861 485 946 547 curie
968 484 1189 566 alternantem,
1214 503 1310 568 quam
1333 487 1358 550 si
1378 504 1434 553 une

193 673 197 680 ι
233 598 400 660 nominum
417 593 618 675 impositione
634 602 787 674 perpetuo
802 593 974 656 distentum
999 612 1166 674 ponemus.
1183 594 1277 676 Haec,
1296 605 1385 678 puto,
1400 601 1440 661 illi

235 708 296 769 luit
317 706 436 782 gratior
450 751 463 782 ‚.
480 703 505 765 si
528 703 694 783 paullatim
710 704 760 763 ita
782 702 863 764 lacta
884 708 943 778 est,
967 710 1004 764 ut
1023 701 1125 764 Adam
1153 704 1275 783 species
1296 706 1428 782 singulas,

234 790 360 878 nonnisi
384 820 464 894 post⁴
477 829 573 893 quam
591 798 845 890 vuniuscuiusque
866 793 1075 891 proprietates
1098 828 1154 892 per
1175 810 1305 891 aliquod
1328 819 1431 894 tempus

237 921 435 987 observasset
455 921 583 984 nomine
605 938 764 1001 quamque
785 937 843 982 suo
865 928 975 983 notare
996 927 1204 983 assuesceret.

245 1057 249 1062 ’
272 1029 405 1095 Llllllll.
428 1031 611 1110 Postquam,
635 1048 674 1090 ex
695 1030 752 1090 hac
774 1028 1351 1116 animantiuminspectione‚eiusrel
1368 1048 1429 1111 quae

236 1141 295 1207 sibi
318 1141 426 1202 deerat
458 1140 650 1202 desiderium
674 1139 795 1218 primus
816 1138 912 1200 homo
934 1147 1142 1218 conceperat,
1164 1157 1238 1201 cum
1261 1147 1367 1220 optare
1383 1143 1429 1203 ian

237 1250 393 1331 coepisset
412 1246 510 1311 alleo
530 1249 724 1311 adiutorium
749 1246 850 1336 simile
873 1247 950 1324 sibi,
974 1245 1198 1325 (probabiliter
1218 1251 1314 1311 etlam
1337 1257 1370 1312 ut
1384 1250 1427 1311 ha-

238 1360 328 1420 beret
349 1343 477 1436 quicum
500 1355 649 1436 loquendi
673 1351 854 1417 facultatem
875 1362 1058 1432 exerceret,
1080 1357 1197 1436 quique
1221 1358 1250 1418 ei
1282 1358 1430 1437 responde·

240 1463 319 1542 net),
345 1471 425 1524 tunc·
440 1461 600 1525 enimvero
622 1464 753 1525 immisit
775 1463 924 1526 Dominus
945 1467 1128 1544 soporemin
1141 1452 1241 1527 Adam
1264 1464 1272 1545 l
1284 1462 1427 1543 gcxxv).

239 1563 384 1652 Soporem
408 1571 491 1634 hunc
513 1588 582 1632 esse
604 1579 683 1651 puto
704 1580 821 1634 statum
838 1571 926 1634 illum
942 1568 1140 1646 ecstaticum,
1155 1573 1186 1633 in
1202 1589 1267 1654 quo
1282 1573 1373 1637 homo
1385 1573 1425 1634 do·

193 1669 200 1682 ’
239 1680 323 1741 iores
345 1681 470 1758 corpori
492 1678 624 1741 lolliolos
645 1680 774 1740 minime
794 1682 900 1758 sentit,
923 1680 1091 1761 omniaque
1113 1680 1238 1756 tolerat,
1268 1682 1345 1760 quin
1364 1696 1426 1742 aso·

238 1802 316 1850 mno
338 1789 504 1865 excitatum
529 1789 583 1868 qul
605 1797 706 1850 status
727 1789 777 1848 vel
800 1787 1081 1868 supernaturaliter
1102 1775 1273 1865 inducitur,
1297 1790 1345 1850 vel
1364 1787 1426 1849 alri-

234 1910 294 1975 psa
314 1905 438 1975 natura3
461 1899 652 1978 quandoque
674 1899 769 1960 etiam
791 1907 859 1960 arte
880 1899 1100 1976 medicorum,
1125 1907 1161 1961 ut
1184 1890 1425 1978 modo'comper·

236 2013 385 2066 tumeat.
461 2032 464 2037 ·

241 2113 378 2193 vanae,
400 2112 506 2174 statim
528 2130 566 2175 ac
588 2116 618 2176 ln
643 2117 790 2195 paradiso
811 2115 934 2196 positus
956 2121 1015 2193 est,
1033 2123 1240 2196 praeceptum
1257 2111 1340 2178 Deus
1354 2112 1428 2186 dedit,

132 2260 135 2268 ·
238 2239 303 2306 quc
325 2225 415 2286 illum
439 2224 613 2304 prohibuit,
635 2228 806 2306 quominus
822 2233 926 2287 certae
947 2225 1114 2288 cuiusdam
1127 2225 1249 2287 arboris
1263 2222 1380 2288 lructus
1391 2240 1429 2300 gu·
1460 2300 1462 2307 Α

241 2339 350 2394 steret.
375 2331 441 2394 Hoc
464 2333 648 2394 mandatum
671 2334 729 2395 soli
753 2333 839 2395 Adae
859 2334 980 2394 editum
1002 2333 1108 2409 luisse,
1131 2342 1301 2412 antequam
1322 2330 1427 2394 formata

231 2447 323 2520 „esset
334 2441 459 2517 mulier,
477 2440 637 2520 Scriptura
653 2442 790 2503 indicare
811 2441 945 2517 videtum
962 2439 1175 2502 diciturenim
1206 2438 1255 2520 (ΙΙ,
1272 2437 1336 2518 tol:
1352 2439 1429 2498 Proe-

241 2551 323 2630 cepit
346 2550 387 2610 ei:
408 2567 451 2611 ecc
473 2550 556 2612 omni
576 2548 659 2630 liquo
675 2548 821 2628 peradisi
836 2549 968 2632 comede:
992 2548 1077 2628 quod
1099 2547 1252 2626 singulari
1267 2563 1393 2620 numero
1403 2546 1434 2605 di-

242 2671 328 2722 ctum
351 2669 410 2740 est,
432 2669 464 2724 et
478 2647 646 2740 antequam
669 2657 769 2721 llerac
793 2667 881 2721 ortus
906 2667 1061 2720 narretur.
1085 2658 1207 2720 Putavit
1220 2649 1434 2735 'Augustinust

236 2771 305 2839 ,iarn
326 2767 640 2852 saetammulierem‚
663 2785 763 2848 quum
785 2767 868 2830 Deus
890 2770 994 2846 legem
1029 2768 1126 2853 hanc„
1142 2767 1286 2830 sancivit.
1319 2766 1365 2830 En
1386 2764 1436 2827 tius

239 2876 348 2939 uerba:
376 2899 389 2934 a
412 2877 460 2939 Ab
481 2879 568 2940 omni
592 2877 678 2956 liguo
702 2877 788 2957 quod
811 2876 911 2940 estin
935 2876 1079 2957 paradiso
1101 2893 1207 2938 escam
1228 2875 1316 2953 edes;
1334 2876 1454 2940 noan.

249 2986 334 3048 unit:
350 2987 460 3049 edetis.
475 2986 593 3049 Deinde
614 2988 777 3065 adiungit:
803 2986 847 3049 lle
870 2987 956 3068 ligno
977 2994 1083 3049 autem
1105 2986 1319 3064 cognoscendi
1340 2985 1434 3048 honen

248 3115 264 3153 a
289 3105 321 3158 et
342 3097 476 3176 malum,
499 3088 562 3159 non
585 3097 816 3159 manducabitis
837 3099 876 3159 de
897 3097 964 3159 illo.
987 3096 1053 3156 lem
1075 3095 1126 3156 laic
1147 3104 1308 3175 tamquam
1332 3093 1370 3156 ad
1384 3107 1434 3154 an·

248 3230 263 3266 u
287 3207 347 3269 hos
369 3207 534 3287 pluraliter
562 3217 766 3288 praeceptum
789 3207 948 3287 terminet,
973 3206 1091 3268 dicens:
1115 3222 1177 3286 que
1200 3206 1251 3267 die
1271 3202 1393 3266 ederitis
1408 3196 1435 3258 al

247 3335 263 3373 u
289 3331 349 3390 eo,
372 3324 475 3378 morte
495 3316 685 3379 moriemini.
703 3334 721 3375 >r
743 3315 827 3388 Quae
848 3313 970 3376 numeri
994 3295 1127 3375 varietas
1148 3314 1180 3374 in
1200 3313 1323 3393 graecis
1343 3307 1436 3372 codici·

233 3407 308 3514 ‘Ibus
330 3424 480 3504 «recurrit,
498 3443 571 3488 cum
594 3425 740 3488 hebraice
761 3431 792 3486 ct
812 3440 910 3505 penes
925 3422 1147 3507 Symmachum
1161 3422 1331 3501 utrobique
1346 3417 1438 3482 sitsin·

234 3523 378 3606 [galeris.
402 3532 463 3594 Uni
484 3535 570 3597 Adae
591 3545 797 3617 praeceptum
819 3535 958 3598 indicere
979 3532 1211 3596 ordinatissime
1232 3533 1337 3612 potuit
1356 3528 1437 3599 naus,

249 3652 284 3704 ut
309 3660 364 3724 per
388 3645 489 3705 virum
502 3646 541 3705 ad
553 3645 723 3708 foeminam
746 3647 824 3708 illud
840 3647 1025 3726 perveniret:
1040 3643 1309 3725 quemadmodum
1325 3637 1440 3702 sentiunt

249 3753 494 3834 chrysostomus
513 3757 531 3809 2
553 3762 585 3817 et
604 3755 792 3819 Ambrosius
810 3763 837 3817 3.
921 3819 924 3824 .

288 3869 389 3935 Nimia
413 3870 575 3934 enitnvero
596 3864 744 3927 videntur
764 3865 845 3926 sexti
865 3865 927 3926 diei
951 3883 1068 3945 opera,
1101 3864 1127 3926 ei
1157 3862 1217 3925 hle.
1231 3860 1346 3925 solaris
1366 3863 1438 3934 alque

250 3982 429 4042 ordinarius
451 3981 517 4040 dies
540 3977 621 4054 luit;
644 3978 779 4055 primam
803 3973 888 4036 enlm
910 3974 970 4036 diei
994 3981 1115 4054 partem
1139 3971 1337 4043 terrestrium
1359 3968 1444 4030 bruto·

288 4251 302 4300 l
322 4249 360 4299 De
382 4247 449 4299 Geo.
467 4242 504 4295 nd
523 4242 567 4296 tte.
585 4258 645 4310 rint,
668 4257 691 4296 e.
712 4244 755 4300 17.

286 4345 304 4394 2
323 4345 404 4402 Home
424 4357 479 4394 atr.

288 4446 304 4495 3
324 4447 352 4498 t.
373 4442 411 4498 De
430 4439 534 4496 Perae.
553 4454 577 4494 c.
599 4441 640 4494 12.
