2970 5002
1302 306 1340 369 'll

121 438 200 507 libri
222 439 390 523 conscripti
405 441 478 518 sint,
503 454 601 504 unum
618 446 771 522 puuctum
793 439 974 504 eritverum
995 442 1189 507 elementum
1212 444 1335 507 littera-

126 570 214 632 rum,
240 569 321 632 quae
335 551 505 613 verborum
519 550 674 628 elementa
688 545 1012 629 vocantur,adeoque
1026 551 1179 614 librorum
1198 554 1343 616 omnium

123 661 244 740 quibus
277 659 468 736 bibliotheca
488 657 540 720 illa
561 664 743 720 exornatur.
760 657 844 718 llaec
865 656 972 732 igitur,
988 659 1087 736 aiunt,
1102 657 1248 721 tellurem
1264 659 1272 740 l
1286 668 1342 722 aut

123 768 303 846 mundum»
317 768 343 829 si
356 747 465 846 mavis,
491 765 698 844 uuiversum)
723 764 983 844 repraesentabit,
1006 766 1052 825 uti
1073 766 1196 828 litterae
1209 784 1246 830 ee
1258 785 1340 848 quae

123 875 283 937 elementa
304 874 463 950 dicuntur,
486 881 519 934 et
539 879 693 952 puuctum
714 871 809 934 huius
845 874 966 951 primae
988 875 1139 934 materiae
1162 891 1235 936 vere
1254 875 1334 936 'ele-

121 982 277 1044 mentaris
297 990 440 1044 atomum
455 978 630 1040 exhibebit.
646 962 853 1056 Hypotbesim
870 979 953 1041 hanc
975 984 1104 1043 minime
1127 983 1340 1045 necessariam

119 1090 210 1152 ads.
234 1097 341 1154 textus
377 1067 617 1164 intelligentiam
652 1103 710 1148 noc
730 1104 748 1148 a
769 1089 907 1167 physicis
932 1090 1095 1151 delinitam
1118 1093 1158 1152 ad
1181 1092 1335 1154 trutinam

119 1216 283 1274 revocare,
300 1203 426 1260 nonest
440 1197 536 1259 huius
556 1196 628 1260 loci:
646 1214 683 1259 ac
697 1197 805 1260 nescio
820 1214 859 1259 an
881 1216 917 1260 ea
932 1216 1073 1280 unquam
1089 1200 1213 1262 deliniri
1239 1211 1334 1281 pote-

121 1307 180 1369 rit.
203 1304 331 1386 Aliquid
349 1304 549 1368 tenebrarum
563 1323 658 1386 super
669 1305 783 1385 faciem
794 1307 916 1386 primae
929 1306 1036 1388 abyssi
1051 1326 1178 1389 semper
1198 1309 1333 1373 fortasse

114 1413 275 1475 manebit.
635 1399 637 1403 ¹

159 1521 269 1584 XXIX.
298 1520 590 1603 Tenebraelerant)
620 1539 715 1603 super
728 1521 841 1603 faciem
865 1523 982 1603 abyssi.
1008 1525 1173 1597 Quaeritur
1198 1531 1331 1608 1.⁰quid

115 1629 253 1709 abyssus
265 1630 315 1690 sit.
331 1629 375 1690 2!
389 1629 451 1691 Cur
476 1628 619 1692 tenebrae
633 1646 727 1709 super
741 1628 853 1708 sociem
867 1629 1121 1710 eiuslhbyssum
1142 1642 1256 1695 vocant
1268 1635 1333 1696 lle-

112 1738 204 1800 braei
217 1753 363 1813 magnam
384 1735 637 1816 profundamque
658 1737 837 1814 congeriem
851 1753 1003 1817 aquarum
1018 1736 1113 1818 (Gon.
1130 1740 1192 1818 Vll,
1208 1746 1243 1804 11
1263 1744 1284 1823 l,
1302 1751 1336 1808 et
1427 1800 1429 1806 .

115 1845 215 1906 etiam
230 1840 460 1923 profunditates
473 1849 595 1904 terrae:
617 1845 662 1904 De
677 1842 801 1924 abyssis
825 1851 930 1907 terrae
949 1846 1065 1907 iterum
1088 1848 1252 1925 reduxisti
1276 1871 1334 1914 mo.

118 1949 195 2034 (Ps.
212 1949 301 2026 LXX,
318 1950 358 2011 20
370 1947 393 2030 l.
409 1949 465 2011 Hic
476 1950 623 2030 odyssum
648 1951 712 2011 dici
727 1949 895 2012 informem
920 1951 1010 2012 illam
1034 1960 1066 2014 et
1080 1953 1335 2021 incohaerentem

113 2058 308 2121 mixtionem.
325 2075 394 2135 seu,
416 2065 452 2119 ut
466 2059 508 2119 ita
523 2058 638 2134 dicam,
650 2058 828 2122 chanticum
842 2058 974 2121 lluidum
996 2062 1035 2122 de
1057 2079 1121 2141 qno
1136 2081 1238 2142 nuper
1252 2066 1336 2128 dice·

111 2167 217 2247 bam,
239 2173 366 2229 nonest
384 2166 562 2241 Augustino
587 2165 782 2244 peculiaris,
814 2167 869 2226 sed
891 2169 1068 2228 communis
1090 2152 1257 2235 sententia.
1281 2173 1336 2234 Tc·

111 2277 342 2338 nebraeerant
356 2289 452 2351 super
469 2272 640 2351 abyssum3
664 2273 736 2351 quia
757 2273 893 2335 nondum
914 2282 1004 2346 erat,
1029 2275 1119 2336 nteit
1135 2276 1333 2356 Ambrosius,

111 2385 177 2446 lum
189 2361 267 2465 quae
280 2380 475 2463 illuminaret
486 2429 494 2459 ,
507 2380 642 2442 nondum
660 2380 715 2441 Sol
726 2399 736 2438 .·
749 2387 860 2460 postea
873 2381 954 2443 caim
968 2381 1136 2445 luminaria
1158 2383 1246 2463 (acta
1259 2396 1336 2451 suot

111 2489 364 2578 coeli1.Revera
389 2504 504 2567 corpus
524 2503 686 2566 omneper
707 2505 741 2548 se
763 2486 935 2549 obscurum
962 2498 1020 2565 est;
1038 2507 1096 2551 nec
1116 2494 1246 2555 materia
1266 2497 1333 2557 ulla

111 2616 129 2659 a
144 2596 238 2659 'nobis
252 2597 454 2673 cognoscitur
467 2612 556 2674 'quae
571 2594 675 2656 lucain
687 2593 949 2656 seuvibratioues
961 2597 1123 2658 aotliereas
1141 2598 1332 2677 luminosas,

111 2709 182 2769 sine
194 2706 256 2768 alia
269 2704 398 2784 physica
410 2721 515 2783 causa,
528 2721 586 2783 per
598 2720 760 2784 sesuaque
769 2709 881 2765 natura
894 2704 1058 2782 producat:
1075 2697 1242 2786 quare'neo
1253 2710 1331 2773 solis

111 2815 245 2878 materia
264 2813 422 2875 luminosa
441 2820 490 2873 est
504 2828 561 2891 per
579 2827 614 2872 se
638 2826 697 2871 nec
711 2810 953 2889 lucerepotuit,
981 2795 1082 2874 donec
1097 2832 1204 2894 causa,
1232 2835 1330 2897 quae-

113 2938 254 3001 cumque
267 2920 441 2983 demumea
453 2920 504 2999 sit,
519 2917 696 2999 splendoris
711 2917 902 2997 illius-quini
915 2918 1026 2981 tribuit
1040 2920 1254 3002 principatum
1268 2926 1332 2989 dici

116 3038 276 3112 quantum
291 3037 426 3106 saterat,
440 3034 636 3109 operaretur.
862 3005 870 3018 ’
1172 3008 1179 3020 ⁸
1328 3015 1329 3018 '

159 3140 251 3214 Quod
273 3140 314 3202 de
328 3139 466 3203 tenebris
486 3136 682 3217 primigeniis
707 3135 805 3198 credit
818 3136 950 3197 mannes
965 3138 1172 3220 Philoponus‚
1194 3159 1246 3202 eas
1268 3159 1331 3205 non

115 3243 218 3339 fuisse
238 3248 374 3311 uisiuno
387 3253 559 3326 momento,
582 3245 687 3308 statim
702 3244 772 3307 luce
795 3254 973 3319 consecuta,
996 3263 1083 3308 merc
1095 3256 1141 3310 est
1153 3248 1333 3331 hariolatio,

111 3361 158 3421 ait
180 3358 326 3421 Petavius
343 3356 372 3438 2,
394 3373 448 3419 aec
458 3355 550 3435 fidem
563 3354 629 3416 ullo
641 3348 821 3432 argumento
834 3352 924 3433 fucit.
947 3357 961 3412 ι
973 3354 1040 3432 Ego
1060 3374 1146 3436 vero,
1161 3358 1213 3419 hic
1232 3360 1331 3438 addit,

111 3482 131 3533 a
155 3468 319 3547 aliquanto
341 3465 508 3527 intervallo
531 3471 642 3544 putem
663 3463 794 3524 durasse
816 3452 936 3540 primas
959 3462 1034 3524 istas
1050 3447 1207 3544 tenebram
1220 3476 1251 3529 et
1265 3468 1331 3532 lor-

111 3596 131 3640 u
156 3583 240 3638 tasso
258 3575 330 3654 plus
353 3589 417 3636 uuo
439 3571 579 3634 alterove
600 3569 673 3644 die,
696 3576 751 3630 aut
774 3568 870 3631 ctiam
892 3569 1042 3649 lougius:
1066 3572 1155 3635 cuius
1179 3579 1330 3656 temporis

111 3705 129 3748 κ
158 3682 273 3745 modus
297 3682 388 3744 nobis
409 3671 457 3742 est
479 3682 630 3742 incertus.
654 3675 821 3740 Paullatim
844 3681 929 3758 euim
946 3679 977 3740 in
993 3698 1098 3743 rerum
1114 3659 1244 3744 conditu
1257 3699 1329 3760 pro·

112 3813 128 3851 c
156 3791 246 3868 gredi
270 3789 374 3852 diviua
395 3789 549 3868 sapientia
571 3786 682 3880 uoluit:
699 3785 823 3866 et‘rude
838 3788 976 3866 primum
990 3794 1084 3866 atque
1110 3786 1330 3867 imperfectum

114 3923 129 3959 c
155 3916 238 3979 opus
258 3899 373 3972 edere;
396 3885 507 3975 utqui
529 3902 722 3975 spectatores
747 3903 838 3959 erant
860 3894 994 3972 Augeli,
1019 3893 1209 3972 quibusdam
1233 3893 1331 3957 veluti

115 4032 131 4068 ι
155 4006 309 4086 gradibus
321 4005 360 4066 ad
373 4003 529 4084 perlectae
542 4007 658 4067 summi
672 4006 797 4087 Opilicis
814 4004 984 4082 sapientiae
996 4000 1233 4079 intelligentiam
1256 4019 1333 4064 eru-

111 4139 129 4180 ιι
155 4115 310 4190 direntur;
324 4129 361 4173 ac
373 4108 566 4190 pedetentim
577 4127 634 4190 per
649 4129 754 4176 rerum
769 4120 948 4175 creatarum
959 4107 1085 4189 vestigia
1100 4109 1332 4189 pervenirent.»

141 4255 161 4306 1
181 4251 193 4303 1
213 4251 348 4303 Eecatm.
360 4262 384 4302 c.
396 4250 424 4301 7.

145 4349 227 4404 2Do
245 4347 313 4416 opit.
332 4351 362 4402 L.
382 4349 403 4402 1.
423 4349 452 4402 C.
471 4348 515 4402 lli·
535 4345 554 4412 S
572 4348 597 4412 l,
614 4341 644 4401 2.
