2970 5002
1307 308 1347 368 m

132 462 150 503 (ι
166 441 215 516 tis,
230 444 271 505 ob
286 440 566 530 sanctificetionom
582 435 720 513 iubilsei‚
736 437 792 499 sed
807 437 911 500 stetim
925 438 1031 500 obluta
1051 443 1234 503 comedetis:
1258 461 1344 504 enno

131 572 150 613 u
166 551 294 613 iubileoi
307 550 430 613 redient
444 565 553 612 omnes
572 549 613 610 nd
628 547 843 628 possessiones
858 565 932 609 suns
946 555 1005 637 ete.
1024 547 1171 628 wiltu,
1183 553 1204 613 8
1215 583 1252 598 -
1269 553 1307 613 ¹5
1319 551 1343 632 l.

132 660 286 742 Denique,
309 659 335 722 si
360 678 416 740 per
428 658 593 740 Irenaeum
609 669 735 737 perque.
746 655 829 718 elios
842 672 882 716 ex
895 657 1128 736 antiquioribus
1141 657 1200 720 ΡΡ.
1223 669 1343 722 sexent

132 775 257 848 septem
269 767 348 844 dies,
363 783 419 829 sex
432 767 482 829 vel
497 751 621 846 septem
645 763 732 826 mille
744 782 846 828 nonos
870 760 881 845 (
890 760 924 848 S.
941 763 979 846 9)
995 767 1172 845 signitionre
1186 778 1320 849 possunt
1338 818 1345 842 ,

130 893 189 940 our
202 883 311 939 contre
325 894 381 940 sex
392 875 514 957 periodi
526 875 685 954 longiores
703 873 769 954 typi
782 892 852 937 esse
867 884 1029 955 nequeunt
1042 893 1099 938 sex
1113 875 1264 939 dierunt
1332 910 1338 924 ι

175 983 228 1048 xl.
245 983 379 1048 ldeximt
402 981 539 1046 obiectio
555 983 587 1043 in
608 965 689 1042 lieno
702 961 889 1044 sententium
905 984 1039 1048 trelritur
1053 1002 1093 1046 ex
1111 985 1241 1047 uocibus
1264 1002 1346 1064 ques

128 1092 232 1154 sexies
247 1091 324 1154 (lon.
339 1090 362 1152 l.
378 1094 577 1169 repetuntur,
593 1089 634 1148 lit
646 1086 710 1167 fuit
724 1105 855 1169 uespera
875 1096 904 1152 et
919 1087 982 1168 fuit
996 1107 1104 1166 mone,
1127 1091 1195 1154 dies
1208 1109 1341 1155 rinus...r

129 1199 199 1262 dies
212 1199 364 1263 secundos
378 1207 438 1260 ete.
455 1198 541 1271 Ques
563 1204 666 1258 temen
681 1198 816 1260 obiectio
830 1198 896 1278 peri
919 1199 1039 1261 ratione
1059 1208 1116 1261 eut
1129 1201 1241 1285 magis
1253 1213 1346 1279 urget
1424 1196 1430 1205 '

129 1306 302 1384 Augustini
325 1304 524 1385 aliorumque
548 1306 747 1382 sententium,
772 1305 826 1386 qui
849 1305 919 1368 illos
941 1307 1008 1368 dies
1024 1323 1082 1386 pro
1102 1308 1253 1389 temporis
1275 1325 1347 1371 nro-

128 1419 241 1474 mento
258 1413 307 1473 vel
320 1428 378 1492 pro
391 1429 453 1474 une
465 1413 516 1474 die
537 1413 709 1492 occipiunt.
724 1413 766 1475 nt
776 1430 852 1476 vero
864 1415 982 1474 directe
1003 1414 1191 1493 respondeo.

174 1521 205 1582 1.
219 1518 250 1581 Si
275 1535 484 1581 reversiones
508 1518 581 1581 illes
591 1500 856 1598 demonstrarent,
865 1537 925 1582 sex
935 1517 1003 1582 dies
1025 1521 1179 1585 lloseioos
1192 1539 1211 1583 e
1226 1524 1347 1584 nostris

129 1616 287 1692 solaribus
307 1627 515 1692 diuturnitate
538 1645 601 1691 non
615 1628 752 1706 differre,
772 1636 880 1709 posset
893 1631 964 1708 quis
985 1630 1101 1710 dicere,
1126 1631 1257 1692 minime
1284 1648 1345 1692 ne·
1381 1643 1387 1656 ’

128 1743 384 1804 cessariumosse
407 1738 481 1800 illos
502 1737 569 1799 dios
592 1740 660 1801 sine
673 1737 996 1829 intervelloulterum
1014 1739 1105 1802 elteri
1129 1742 1341 1818 sumussisse;

123 1846 187 1914 sed
198 1848 296 1914 luisse
317 1854 440 1912 tentum
453 1844 611 1911 solemnes
626 1847 698 1910 illos
719 1847 797 1926 dies,
808 1898 810 1904 .
821 1847 937 1929 quibus
953 1848 1084 1911 maximi
1097 1848 1227 1930 quidem
1251 1867 1343 1911 eren·

130 1969 203 2036 tne,
229 1967 266 2022 ut
288 1959 389 2040 primu
411 1959 486 2036 lux,
507 1960 666 2021 astrorum
691 1957 915 2037 manifestatio,
932 1958 1050 2038 primns
1068 1954 1169 2021 terrae
1191 1975 1228 2019 ex
1251 1959 1344 2020 undis

128 2084 281 2142 emersae,
299 2067 400 2146 prime
421 2065 569 2130 enimnlin
594 2072 654 2126 ete.
670 2072 898 2156 apparuerunt.
920 2065 1109 2146 supponere
1131 2074 1240 2146 posset
1263 2067 1343 2130 inter

128 2172 266 2256 primum
289 2175 508 2243 etsoeundum
522 2173 607 2235 diem
619 2170 750 2248 longum
766 2173 916 2251 temporie
927 2171 1341 2236 intervellnminterieclunr

129 2289 163 2342 ot
178 2282 224 2344 sie
238 2282 319 2342 inter
331 2281 422 2354 elios3
439 2287 475 2340 ut
489 2279 706 2358 unusquisque
727 2285 975 2340 memoratorum
989 2277 1112 2339 dierum
1126 2296 1224 2340 novoe
1238 2283 1343 2358 perio*

122 2387 165 2452 ⁴di
191 2404 354 2467 novaeque
376 2399 511 2464 operum
532 2382 736 2448 evolutorum·
757 2383 848 2446 seriei
862 2384 985 2448 initium
1006 2386 1112 2450 fuerit.
1128 2386 1211 2450 llaec
1235 2389 1342 2467 opinio

131 2510 198 2558 non
209 2492 380 2556 admodum
394 2493 499 2556 diflert
512 2494 553 2556 eb
576 2509 613 2555 on
634 2507 735 2572 ouem
747 2490 1006 2571 Hermonegildns
1022 2494 1088 2558 Pini
1105 2494 1180 2576 (loo.
1197 2496 1249 2558 uit.
1265 2497 1294 2574 §-
1310 2499 1340 2573 ⁹l

129 2605 308 2684 proposuit,
324 2604 580 2664 recommends
600 2600 730 2672 Antonii
743 2601 896 2665 llosminii
918 2604 946 2682 1,
965 2604 1020 2684 qui
1041 2613 1133 2685 putet
1155 2605 1250 2668 hosne
1275 2607 1343 2666 drus

133 2710 232 2773 inisse
249 2710 326 2772 luris
347 2711 500 2791 quasdem
514 2712 727 2793 edperitiones
740 2729 753 2787 ς
768 2728 839 2774 nem
855 2710 917 2774 lum
930 2711 1107 2794 appelletur
1119 2712 1279 2777 dissinter
1289 2731 1347 2794 pe·
1418 2780 1421 2783 Α

133 2819 243 2884 riodos
265 2835 398 2898 operum
419 2819 614 2898 singulorum
635 2820 853 2901 interpositus.
875 2868 876 2872 η

167 3055 183 3088 e
202 3040 217 3091 t
238 3040 267 3101 to
284 3051 366 3106 penso
384 3037 432 3101 else
448 3039 511 3106 quel
528 3038 615 3107 giorni
633 3039 742 3108 sepnin'o
759 3056 774 3094 e
792 3023 963 3109 distinguens
980 3041 1046 3096 serti
1075 3040 1177 3109 periodi
1206 3039 1233 3095 di
1252 3051 1342 3107 usurpo

139 3152 155 3186 e
175 3150 222 3205 per
240 3136 266 3188 lo
283 3137 431 3189 superent
450 3135 519 3191 lorse
536 3136 564 3191 d·
575 3150 610 3190 nn
627 3137 766 3190 lenomeno
782 3136 809 3189 di
828 3137 906 3214 intel,
932 3137 980 3190 ohe
1006 3137 1107 3190 dorem
1130 3138 1313 3192 manifestaret
1333 3155 1347 3190 e

141 3250 158 3284 e
175 3231 353 3297 oiesolredune
367 3231 396 3285 di
413 3233 502 3298 quelle
520 3233 615 3300 prendi
632 3233 791 3301 operationi.
811 3235 907 3297 Notnte
924 3234 972 3286 ete
991 3233 1010 3286 il
1029 3234 1143 3301 giorno,
1161 3231 1279 3286 secondo
1297 3233 1347 3287 else

140 3346 156 3379 u
174 3329 218 3381 noi
237 3311 389 3396 prendinnro
406 3335 500 3396 queste
517 3330 607 3396 perole
621 3328 662 3393 ,d
681 3343 715 3380 nn
741 3328 799 3394 giro
828 3325 872 3398 del
898 3328 954 3382 sole
978 3317 1027 3383 olle
1046 3341 1142 3391 nosne,
1172 3335 1307 3382 tremente
1335 3347 1349 3382 e

134 3445 150 3477 α
170 3429 352 3482 nitescente
372 3426 400 3477 in
418 3432 513 3494 questo
529 3438 608 3476 senso
628 3439 678 3477 noo
697 3424 749 3491 pud
767 3431 839 3476 oertn
860 3416 955 3492 piglisr
974 3425 1046 3478 Most
1065 3425 1091 3477 ln
1119 3424 1210 3492 perois
1227 3412 1345 3492 piorno}

137 3540 153 3573 n
173 3523 221 3576 ent
240 3505 262 3577 il
274 3498 334 3578 'sole
352 3538 404 3576 non
422 3537 464 3577 ere
482 3527 581 3574 orento.
600 3520 675 3574 volle
686 3519 811 3587 adunque
829 3521 887 3574 dire
906 3519 1094 3582 nitro.,dlonni
1106 3521 1220 3576 intesero
1236 3521 1286 3574 ohe
1299 3515 1345 3588 pr'r

137 3635 153 3668 n
172 3619 267 3686 piorno
284 3617 461 3681 septennesse
479 3616 512 3669 de
532 3616 605 3670 tlosd
618 3627 689 3668 nerto
708 3617 797 3684 sperio
815 3615 842 3667 di
862 3624 961 3684 tempo.
981 3619 1023 3670 lde
1041 3615 1209 3670 considerate
1226 3617 1288 3682 ogni
1302 3631 1342 3666 oe-

133 3731 149 3765 α
168 3720 197 3766 ‘se
211 3748 219 3777 ‚
231 3696 367 3783 'perreltbe
384 3729 399 3766 e
418 3728 459 3766 rne
477 3713 524 3781 plu
542 3712 689 3766 verisimile
704 3713 753 3765 olre
768 3726 815 3782 per
833 3713 949 3780 giorno,
966 3726 1041 3768 oeme
1058 3708 1204 3776 vidisent,
1222 3713 1246 3763 si
1264 3711 1349 3776 esprt·

127 3822 153 3863 'u
170 3802 265 3864 moeso⁴
277 3811 407 3878 pinttoeto
422 3811 443 3864 il
461 3810 537 3864 linire
561 3824 577 3862 e
595 3810 616 3863 tt
633 3807 790 3867 unitum
809 3809 837 3864 di
856 3809 960 3878 periodi
979 3809 1011 3865 di
1029 3821 1118 3874 tempo
1134 3810 1176 3862 tre
1194 3820 1232 3861 nn
1250 3808 1344 3873 giorno

129 3923 147 3958 o
166 3908 217 3960 ω’
228 3886 297 3962 ultro
315 3907 441 3962 tresnorsi
457 3909 535 3975 poesi
554 3909 595 3963 u·
613 3907 667 3961 dne
682 3907 820 3976 splendori
890 3912 927 3962 ιι
944 3907 1004 3961 lnce
1022 3905 1188 3959 dohiemste
1204 3907 1345 3972 piorem

128 4022 148 4056 e
166 4010 241 4062 entte
258 4005 283 4058 le
301 4002 422 4070 tenebre,
438 4003 546 4072 tonqne
562 4019 578 4060 s
596 4005 708 4061 tormere
726 4006 747 4060 il
762 4007 858 4074 giorno
876 4019 929 4058 non
946 4011 1071 4057 entreron
1085 4002 1111 4057 le
1127 4003 1247 4057 tenebre.
1268 4008 1350 4068 Quin-

133 4119 150 4150 α
168 4099 198 4155 di
216 4102 233 4154 l’
243 4100 410 4169 espresslone
425 4115 441 4154 e
456 4101 482 4153 si
497 4099 553 4169 leet
566 4098 645 4154 dello
659 4116 720 4156 sero
737 4117 753 4156 e
768 4100 843 4163 delle
863 4101 984 4176 montino
994 4109 1040 4152 un
1053 4103 1170 4168 pinnen.
1192 4099 1315 4171 equirete
1334 4116 1351 4155 s

133 4217 152 4251 ι
169 4197 359 4265 questuosa
376 4212 391 4253 e
407 4210 510 4266 suenus
526 4210 567 4252 un
580 4199 725 4267 posternis
739 4197 814 4259 dptle
831 4194 934 4251 tenetre
949 4195 1012 4250 otto
1027 4196 1098 4263 tues,
1116 4195 1218 4266 ilqnst
1236 4208 1347 4265 passer·

133 4308 150 4343 s
169 4293 214 4360 gio
228 4325 238 4360 ,
254 4292 314 4349 oioe
329 4292 351 4348 il
366 4296 433 4352 tersi
451 4293 590 4361 temerino
606 4280 679 4349 delle
696 4294 756 4356 lnee
767 4280 927 4351 'eoetitnisee
941 4309 977 4374 nn
994 4292 1110 4361 giorno,
1124 4291 1184 4347 etet
1200 4308 1238 4346 sn
1267 4302 1349 4350 tratre

133 4376 150 4437 'e
171 4374 197 4442 di
216 4389 283 4445 luce
302 4407 317 4440 o
336 4390 430 4453 [Dion.
450 4380 572 4460 porroet.
592 4384 627 4446 ed
644 4389 737 4444 istrnz.
753 4389 855 4446 cntetlt.
873 4391 934 4448 Vol.
952 4392 989 4445 ll.
1004 4387 1112 4444 cetenis.
1125 4384 1254 4452 mli-i
1317 4406 1320 4411 ·

1231 4534 1240 4547 Ιι

1212 4547 1236 4609 «5

1206 4615 1240 4635 'e

1200 4654 1206 4669 l
