2970 5002
232 270 271 332 8⁴2

232 404 335 464 ltloses
361 393 614 475 «sicut-Aquila
637 408 812 466 provocans
834 388 875 450 ad
896 387 1065 450 volandum
1088 388 1192 464 pullos
1222 407 1322 466 suos,
1348 398 1380 452 et
1400 411 1445 455 su·

237 530 251 563 (ι
267 526 323 587 per
345 525 399 568 eos
420 508 555 569 volitans
577 493 672 619 Uilli:
694 555 700 583 ,
723 498 873 579 expandit
896 496 1017 577 (beust
1043 498 1108 558 alas
1131 515 1228 574 suas,
1264 506 1298 559 et
1324 517 1443 563 assunt-

235 631 331 707 «psit
351 645 423 690 cum
451 630 583 709 (lsrael).
600 655 613 690 a
641 630 787 693 Ieremias
809 637 884 686 vero
904 622 958 682 ait:
983 644 1000 683 a
1015 625 1191 686 contritum
1207 634 1260 688 est
1271 643 1330 688 eoi
1347 645 1447 688 meum

240 739 306 797 «in
331 739 435 798 medio
456 741 540 811 mei,
564 745 831 801 contr-emneruut
838 722 933 792 tana
966 733 1071 794 omnia
1093 749 1165 793 ossa
1186 750 1267 795 mea
1296 755 1316 793 n
1341 734 1383 795 Et
1402 753 1448 796 os

236 843 316 902 sium
340 845 551 922 trementium,
567 852 598 906 et
614 846 736 924 aquilae
757 860 852 922 super
872 843 979 920 pullos
1011 837 1173 899 volitantis
1197 854 1324 916 eosque
1347 858 1451 918 proro-

127 968 132 975 ·
234 951 334 1011 cantis
355 951 394 1010 ad
418 951 566 1026 volatum,
592 953 669 1013 lenis
692 960 739 1012 est
760 958 866 1012 motus
888 965 947 1009 neo
962 944 1157 1023 respondens
1171 945 1449 1009 vehementissimo

234 1063 338 1131 vento,
363 1060 540 1120 cuiusmodi
561 1061 645 1121 hune
668 1060 818 1138 spiritum
834 1057 889 1118 Dei
904 1053 1048 1116 nonnulli
1063 1051 1160 1113 luisse
1174 1060 1344 1130 putarunt.
1361 1055 1449 1116 Prae-

235 1171 321 1223 terea
351 1181 505 1242 quaenam
528 1167 727 1229 memorandi
748 1166 843 1226 buius
873 1161 958 1222 venti
978 1160 1114 1222 eaussa‘l
1137 1159 1272 1229 Quinam
1297 1161 1448 1223 effeetus?
1481 1248 1483 1263 Ι

236 1272 479 1334 coniunctiones
501 1275 729 1336 molecularum
755 1273 1025 1348 homogenearum
1049 1267 1397 1347 etheteiogenearum,
1412 1271 1448 1330 si-

143 1388 146 1392 ·
236 1396 274 1437 ve
298 1381 548 1442 combinationes
568 1383 728 1461 cbymirae
742 1389 774 1442 et
786 1378 1079 1458 crystallisationes‚
1094 1384 1184 1437 erant
1198 1377 1297 1455 primi
1312 1379 1446 1440 omnium

237 1485 367 1548 ellectus
390 1497 459 1550 tum
480 1490 696 1568 producendi,
722 1489 837 1569 quibus
858 1504 921 1548 nnn
945 1485 1129 1547 adiumento
1149 1484 1325 1548 vehemens
1346 1494 1446 1546 ventus

237 1593 292 1653 sed
315 1594 542 1672 impedimento
565 1595 685 1656 luisset.
709 1595 849 1674 Spiritus
871 1594 928 1654 Dei
936 1592 999 1670 ιΡε.
1024 1589 1209 1668 mittito,
1231 1591 1288 1670 qui
1305 1593 1445 1652 nivemet

236 1701 349 1765 duram
369 1703 557 1778 grandinem
580 1703 708 1766 resolvit
727 1705 758 1762 in
773 1703 922 1765 lluentem
944 1717 1082 1778 aquam,
1106 1706 1154 1760 est
1174 1698 1308 1778 quidem
1331 1708 1444 1770 ventus,

236 1815 269 1867 at
290 1825 353 1869 non
377 1809 556 1883 vehemens;
572 1809 739 1869 vehemens
754 1809 838 1870 enim
853 1815 964 1870 ventus
979 1805 1164 1886 praesertim
1179 1805 1238 1865 sie
1253 1807 1385 1882 regione
1399 1821 1446 1884 pn·

237 1915 295 1974 lari
316 1916 425 1995 spiret,
439 1918 570 1993 glaciem
586 1918 775 1987 econtrario
789 1916 915 1978 indurat
931 1915 1072 1996 (apertius
1086 1913 1207 1994 [ripere
1220 1915 1323 1976 venti.
1340 1913 1443 1993 Virgl:

237 2021 297 2082 Sed
321 2024 426 2100 potius
448 2033 562 2085 ventus
585 2024 676 2098 lenis,
701 2024 828 2102 tepidus
848 2034 879 2085 et
900 2023 1056 2086 australis.

277 2130 402 2208 Syriaca
423 2134 527 2193 versio
548 2150 604 2210 pro
624 2132 787 2211 ferebatur
807 2133 902 2193 babet
921 2132 1041 2210 sevena,
1064 2131 1149 2212 quod
1170 2131 1224 2194 SS·
1241 2133 1302 2196 PP.
1320 2136 1444 2198 adnota-

237 2244 323 2297 runt‘
338 2237 484 2300 Basiliam
499 2240 511 2284 ¹
527 2239 703 2301 audiamus.
730 2239 863 2301 «Dicam
880 2239 934 2301 tibi
949 2254 1011 2301 non
1026 2255 1140 2317 meam,
1155 2240 1211 2303 sed
1226 2242 1286 2303 viri
1300 2243 1370 2322 Syri
1383 2261 1443 2303 sen-

240 2365 255 2400 a
281 2348 423 2429 tentiam,
447 2349 499 2425 qui
523 2355 643 2409 tantum
666 2365 684 2408 a
707 2349 816 2409 mundi
838 2348 975 2409 distabat
994 2347 1157 2426 sapientia,
1173 2353 1384 2428 quantumad
1400 2369 1442 2411 re-

238 2471 264 2510 u
280 2471 348 2514 rum
370 2473 514 2516 verarum
536 2456 697 2532 seientiam
718 2457 998 2536 appropinquabat.
1014 2455 1125 2517 Aiebat
1138 2457 1244 2533 igitur,
1259 2477 1371 2522 vocem
1391 2460 1441 2537 Sy-

239 2580 257 2619 «
281 2577 391 2626 noriam
414 2572 445 2623 et
469 2564 729 2639 significationem
752 2582 833 2642 esse,
857 2575 889 2625 et
910 2565 952 2626 ob
974 2581 1064 2627 suam
1087 2580 1158 2624 cum
1180 2565 1329 2630 hebraica
1351 2569 1442 2645 lingua

237 2690 256 2730 a
279 2672 510 2746 cognationem,
534 2673 769 2750 quorlammodo
790 2675 831 2734 ad
852 2673 1086 2752 scripturarum
1109 2689 1238 2735 sensnm
1257 2678 1390 2755 propius
1403 2693 1441 2735 ae·

241 2799 256 2834 a
279 2777 399 2837 cedere.
422 2777 529 2857 ltaque
551 2779 645 2840 talem
677 2781 800 2842 dicebat
822 2797 891 2843 esse
914 2780 1007 2842 buius
1028 2781 1102 2842 dieti
1123 2784 1326 2845 sententiam.
1348 2784 1437 2853 illue,

242 2906 256 2939 «
279 2884 449 2962 inquiebat,
470 2887 601 2947 verbum
623 2887 880 2967 superferebatur
901 2889 1140 2966 interpretantes
1161 2900 1293 2951 sumunt
1308 2909 1365 2970 pro
1380 2908 1438 2953 rer·

236 2986 255 3053 'a
279 2994 320 3054 bo
341 2992 532 3071 confovebat,
554 3003 586 3054 et
606 3004 735 3057 naturae
756 3013 908 3074 aquarum
931 2996 993 3056 vim
1009 2997 1167 3059 tribuebat
1181 2997 1436 3079 toettncandipn-

242 3124 256 3158 «
281 3110 345 3164 star
369 3103 544 3163 incubantis
566 3105 643 3177 avis,
667 3112 698 3163 et
721 3105 846 3165 vitalem
868 3105 1037 3183 quamdam
1059 3104 1239 3167 facultatem
1255 3107 1295 3167 iis
1310 3107 1436 3188 quaele·

241 3232 255 3266 r
279 3200 432 3271 vebnntur
454 3211 672 3287 impertientis.
691 3234 705 3268 n
729 3212 880 3273 Similiter
895 3212 1050 3273 lliodorus
1064 3212 1246 3274 Tharsensis
1268 3214 1383 3277 «illud
1395 3232 1435 3276 ttr-

241 3338 255 3370 a
275 3315 497 3393 perferebatur
518 3333 580 3376 una
604 3317 733 3394 quidem
757 3319 839 3395 apud
862 3319 1018 3380 Hebraeos
1033 3318 1128 3380 dictio
1144 3326 1203 3392 est,
1218 3322 1305 3397 apud
1323 3339 1378 3383 nos
1391 3337 1435 3380 au-

239 3441 256 3480 a
280 3430 341 3482 tem
360 3420 520 3501 (Graecos)
544 3440 607 3484 uita
630 3440 707 3485 voce
729 3425 862 3502 exprimi
885 3425 1001 3503 nequit.
1019 3422 1168 3485 Dietionis
1192 3427 1312 3503 quippe
1328 3427 1436 3489 hebrai-

239 3546 256 3586 a
279 3543 345 3604 cae,
369 3544 449 3607 quae
472 3528 611 3588 roci-illi
634 3532 815 3608 respondet,
839 3531 888 3591 bie
911 3538 958 3590 est
979 3546 1102 3590 sensus.
1128 3529 1178 3590 Uti
1200 3532 1266 3591 avis
1288 3550 1350 3594 ova
1373 3551 1436 3614 pen·

238 3659 256 3698 n
280 3639 329 3698 nis
350 3635 487 3698 molliter
508 3639 703 3713 contingens,
728 3641 794 3718 ipsa
818 3640 912 3716 louet,
935 3639 1073 3717 ipsisque
1095 3638 1220 3699 vitalem
1236 3642 1376 3704 calorem
1390 3643 1436 3702 int·

239 3767 256 3831 a
283 3747 408 3826 primit;
435 3745 479 3804 sie
499 3745 632 3824 Spiritus
654 3748 742 3826 aquis
764 3746 1039 3824 superferebatur,
1061 3744 1169 3807 locens
1196 3755 1292 3826 atque
1315 3751 1436 3812 calorem

236 3856 422 3933 imprimens
437 3851 462 3912 ἓ.
490 3874 503 3910 u
527 3853 585 3913 Pro
607 3871 644 3914 eo
669 3856 754 3932 quod
777 3856 808 3914 in
831 3855 945 3914 nostris
967 3853 1128 3914 codicibus
1151 3855 1306 3933 seriptum
1332 3866 1380 3921 est
1400 3856 1437 3936 fe·

240 3981 258 4020 a
280 3961 420 4036 rebatur,
447 3963 477 4021 in
500 3961 636 4022 bebraen
660 3962 793 4022 liabetur
813 3960 999 4041 nterepltetli,
1022 3962 1107 4040 qu'od
1129 3961 1363 4042 no'sappellare·
1379 3983 1440 4046 pns-

245 4086 259 4123 r
282 4083 390 4128 sumus
412 4066 597 4146 incubabat,
621 4085 675 4127 seu
697 4067 899 4147 confovebat,
923 4068 952 4128 in
977 4067 1213 4159 similitudinem
1236 4069 1378 4135 volucris
1399 4087 1442 4137 ou

276 4209 290 4253 1
312 4205 342 4251 ln
360 4205 493 4253 Heoeo'e'ut.
516 4205 593 4253 (iret.
614 4205 730 4267 11,§tt.
785 4205 788 4209 ’

276 4300 292 4346 2
313 4301 340 4348 t.
360 4316 382 4349 c.
