2970 5002
1282 293 1339 360 tot

162 411 194 481 lo
220 417 315 481 unice
339 423 449 494 restat,
473 419 558 499 quod
582 439 600 484 a
622 418 799 485 oncense
821 427 993 505 petendum
1009 435 1066 504 est,
1085 435 1120 492 ul
1134 431 1281 495 adveniat
1307 435 1341 497 in

116 528 220 594 terres
243 544 376 605 regnum
400 526 455 590 llei
478 530 577 593 Patris
601 537 632 593 et
653 530 780 593 Domini
802 535 901 598 nostri
915 535 983 597 lesu
1000 537 1126 621 Christi,
1144 547 1178 600 ut
1191 540 1251 619 ipsi
1264 559 1335 604 ser-

117 635 209 699 uiant
227 653 339 699 omnes
360 647 483 717 gentes,
506 648 602 720 utque
624 658 720 719 opera
743 651 904 705 creaturae
926 647 993 706 eius
1008 663 1088 727 quae
1110 647 1150 709 ad
1163 648 1335 729 imaginem

114 737 281 806 Deliacis
305 750 364 826 est,
387 763 460 819 vere
479 749 545 808 eius
568 747 807 812 similitudinem
829 749 976 829 releuanl3
1012 762 1047 815 ut
1068 753 1153 816 lleus
1174 757 1230 834 qui
1255 757 1334 819 vidit
1357 753 1360 757 ’

111 853 225 916 omnia
240 871 321 934 quae
335 855 402 935 ipse
417 854 532 918 fecerat
553 856 713 925 asselinus
733 858 837 935 valde,
854 877 916 922 uon
937 862 1073 940 amplius
1087 862 1200 938 videat,
1217 883 1334 943 quem-¹

111 961 292 1025 admodum
325 963 365 1025 ab
394 964 481 1026 Adae
505 974 635 1046 peccalo
658 967 697 1027 ad
720 976 827 1030 ntistra
862 988 962 1051 usque
992 979 1133 1052 tempora
1159 972 1259 1050 vidit,
1281 973 1333 1043 in-

111 1083 252 1133 numera
284 1071 486 1139 valdemala
521 1074 602 1134 inter
623 1091 660 1136 ea
681 1092 763 1155 quae
798 1078 838 1140 ab
861 1078 947 1140 Adae
980 1079 1116 1158 postoris
1154 1087 1332 1161 patrantur.

111 1175 247 1242 Amenl
272 1179 350 1242 Veni
370 1178 503 1244 Domine
526 1183 614 1247 lliSU
633 1185 659 1247 1.
1126 1194 1128 1201 '

1098 1270 1111 1299 5

595 1403 869 1475 conottauldlt

155 1617 289 1683 lxxxi.
304 1619 350 1682 Ex
365 1618 401 1681 iis
416 1637 496 1701 quae
517 1621 668 1685 hactenus
690 1623 897 1686 disseruimus
913 1627 1127 1708 consequitur,
1143 1628 1249 1692 Mosen
1276 1633 1342 1695 do·
1418 1669 1420 1674 ·

115 1730 226 1792 coisse
245 1729 269 1789 l.
293 1728 446 1797 Mundum
480 1750 668 1814 corporeum
700 1750 765 1795 non
788 1750 857 1794 esse
889 1741 1079 1815 aeternum,
1102 1737 1157 1799 sed
1179 1756 1198 1799 a
1221 1739 1286 1802 lleo
1311 1742 1343 1802 in

117 1835 277 1918 principio
300 1842 451 1919 temporis
466 1848 617 1902 creatum.
634 1838 670 1900 ll.
685 1837 785 1918 Opera
799 1840 972 1902 creationis
988 1839 1050 1903 non
1066 1844 1171 1904 ornnia
1188 1860 1252 1906 uno
1270 1861 1344 1906 mc·

114 1954 239 2023 mento,
251 1950 306 2011 scd
329 1950 503 2030 paullatim,
527 1967 564 2011 ac
585 1948 762 2011 successive
777 1949 915 2028 perlecta
929 1950 1038 2012 luisse.
1053 1950 1103 2013 ΙΙΙ.
1119 1952 1260 2014 Primum
1276 1933 1343 2014 ler-

116 2074 173 2119 rae
195 2063 313 2120 statum
336 2057 432 2120 luisse
453 2058 551 2120 veluti
572 2057 824 2121 anaeticumlv.
843 2058 983 2120 Primum
1005 2060 1036 2120 iu
1058 2060 1191 2134 mundo,
1214 2068 1268 2123 aul
1283 2062 1344 2123 sal-

117 2173 186 2226 tem
208 2165 239 2226 in
261 2174 343 2227 terra
365 2173 472 2228 nostra
487 2166 739 2245 phaenomenon,
759 2183 903 2246 magnam
929 2169 1031 2229 lucem
1054 2167 1118 2259 sisu
1133 2167 1246 2246 iguem
1268 2170 1343 2231 luis-

116 2291 166 2336 se.
190 2271 226 2333 V.
248 2272 388 2336 Huncin
411 2275 576 2336 condenda
597 2285 708 2337 natura
733 2273 833 2336 Deum
855 2276 914 2337 sibi
938 2276 1039 2354 legem
1071 2276 1285 2355 proposuisse,
1302 2287 1340 2340 ut

119 2398 204 2461 quaa
223 2381 414 2462 simpliciora
436 2390 468 2443 et
488 2384 722 2464 imperfectiora
743 2393 817 2445 sunt
840 2386 942 2463 primo
965 2386 995 2445 in
1020 2384 1121 2446 lucem
1146 2385 1335 2460 ederentur,

118 2505 162 2553 ao
178 2500 290 2571 postea
312 2491 411 2570 magis
434 2491 572 2572 perlecta
593 2493 754 2571 magisque
776 2492 963 2571 corriplicalu
986 2493 1141 2569 gradatim
1163 2493 1337 2571 prodirent.

119 2598 170 2661 Vl.
198 2598 367 2677 Tellurem,
391 2617 471 2680 quae
495 2606 602 2678 postea
624 2601 706 2661 sicca
727 2599 873 2679 adparuit
899 2609 930 2660 et
947 2599 1063 2678 plantis
1078 2599 1243 2661 convestiri
1257 2615 1335 2660 eoe-

118 2707 179 2789 pit,
203 2725 243 2770 ex
266 2709 356 2786 aquis
379 2709 557 2771 emersisse.
574 2708 637 2770 Vll.
654 2709 713 2770 Per
733 2708 862 2786 aliquod
878 2715 1001 2786 tempus
1026 2705 1148 2768 nullam
1170 2706 1266 2769 fuisse
1289 2709 1337 2769 ui-

121 2827 190 2878 tam
213 2819 246 2878 in
269 2816 360 2879 terris
394 2818 642 2895 autvegetalem
678 2823 733 2878 aut
760 2815 939 2877 animalem.
968 2815 1042 2883 Vlll.
1079 2816 1203 2878 Plantas
1241 2826 1341 2880 terre-

116 2931 200 2986 stres
224 2926 419 3000 germinasse
460 2931 629 3004 antequam
659 2924 805 2985 animalia
832 2922 947 2993 nando,
978 2923 1146 3000 serpendo,
1175 2924 1338 3005 volando,

117 3040 150 3093 et
165 3032 350 3112 gradiendo,
372 3050 482 3114 aquas,
512 3038 616 3096 aerem
640 3040 800 3111 terrasque
815 3031 1003 3093 animarent.
1020 3031 1071 3093 lx.
1087 3033 1261 3094 llammalia
1280 3043 1340 3094 ter-

117 3142 229 3203 restria
267 3143 298 3204 in
323 3145 428 3206 lucem
450 3143 532 3205 edita
554 3141 651 3204 luisse
673 3140 825 3220 postella
855 3139 959 3200 minus
989 3140 1126 3219 perlecta
1152 3141 1334 3219 animantia,

115 3256 149 3311 et
170 3252 354 3331 praesertim
375 3251 577 3335 quandoiam
603 3248 815 3311 animanlibus
838 3266 937 3327 aquae
961 3249 1134 3310 scatebant.
1164 3249 1203 3310 X.
1229 3250 1342 3312 Homi-

117 3360 169 3420 nis
201 3361 331 3424 demum
357 3362 547 3424 creationem
573 3358 751 3445 formationi
774 3357 862 3436 regni
886 3356 1029 3418 animalis
1053 3356 1148 3418 linem
1170 3359 1339 3438 imposuis·

117 3486 164 3533 se.
190 3470 251 3533 llas
286 3471 396 3533 decem
429 3468 649 3533 conclusiones
672 3467 900 3546 Philosophia,
931 3483 1037 3527 rerum
1073 3455 1264 3529 naturalium
1296 3471 1343 3530 in-

117 3581 280 3661 spectione
313 3598 349 3642 ae
371 3578 530 3642 notatione
552 3577 632 3639 lacta
654 3577 806 3653 sagacior,
831 3583 939 3636 nostro
962 3573 1022 3635 hoe
1044 3592 1119 3637 aevo
1139 3571 1254 3638 'invicte
1277 3578 1335 3637 de-

117 3697 287 3752 monstrat.
309 3686 527 3751 Praetermitto
541 3668 617 3749 alias
638 3683 901 3764 philosophorum
916 3684 1147 3760 conclusiones,
1165 3686 1340 3764 dequibus

120 3798 224 3862 Moses
248 3804 338 3874 tacet,
356 3814 549 3877 quamquam
570 3795 609 3857 de
629 3793 834 3856 conclusione
855 3809 890 3852 ea
908 3810 989 3872 quac
1010 3793 1115 3868 magni
1137 3794 1168 3852 iu
1184 3808 1217 3853 re
1232 3782 1340 3855 nostra

118 3907 275 3968 momenti
297 3913 357 3986 est,
379 3922 443 3967 non
457 3904 587 3968 omnino
609 3908 710 3964 tacere
726 3899 879 3962 dicendus
894 3916 963 3960 esse
978 3900 1132 3965 videatur:
1150 3900 1236 3978 quod
1252 3918 1338 3963 nem·

117 4031 160 4095 pe
183 4030 333 4092 magnum
356 3995 507 4093 temporis
530 4008 729 4071 intervallum
750 4023 786 4068 ac
807 4007 901 4083 longe
923 4005 1103 4068 diuturnius
1126 4024 1220 4086 squam
1242 4010 1338 4085 vulgo
1446 4024 1449 4028 “

113 4122 327 4200 existimetur,
363 4122 444 4183 inter
468 4121 602 4200 primam
634 4133 740 4183 rerum
760 4131 984 4196 corporearum
1006 4116 1198 4180 creationem
1221 4123 1253 4178 et
1275 4117 1335 4179 ho-

149 4364 267 4431 ldpoc.
291 4375 313 4414 c.
333 4360 385 4417 ull.
405 4375 430 4416 r.
451 4360 516 4423 20..
