2970 5002
129 271 188 337 140

130 412 156 474 si
169 410 292 491 piantes
304 413 388 471 terra
400 407 552 488 produxit
565 405 615 470 aix
628 407 738 488 paneis
750 407 865 489 elapsis
878 407 968 471 boris
989 423 1032 470 ax
1052 423 1116 489 quo
1131 406 1238 470 iuerat
1251 423 1350 489 supra

130 536 222 586 mare
244 517 375 596 elevata,
400 517 492 580 siens
507 515 729 596 protutitdom
753 516 859 604 adhue
871 520 1034 587 totaessat
1058 508 1148 598 aquis
1163 515 1349 597 inebriata,

130 626 240 706 ptnvn
255 617 340 688 eerte
352 626 482 697 omnino
497 623 615 691 inutilia
628 633 707 701 erat;
725 625 788 715 imo
800 625 907 695 damni
922 624 1028 705 patina
1050 624 1163 699 inisset
1189 624 1255 693 iiiia
1268 627 1344 688 stir-

129 734 235 815 pibus,
260 749 340 814 quaa
365 741 488 794 terreno
508 731 634 799 aridiori
647 735 746 810 magis
759 749 855 813 quum
869 731 934 797 udo
954 730 1104 813 paridem.
1126 731 1280 806 Hirenim
1296 749 1345 795 ex·

130 840 278 921 pediebat
297 840 402 919 potius
423 847 459 902 ut
473 841 568 908 nimia
582 839 768 905 humiditate
794 840 1017 917 liberarentur,
1033 856 1131 931 quam
1150 847 1194 903 'nt
1215 839 1349 915 buinidi·

130 954 179 1014 tus
207 965 247 1011 err
271 944 385 1027 pluviis
415 946 520 1014 adhue
540 955 705 1013 cresceret.
728 946 812 1024 uago
833 946 860 1011 ai
881 946 1018 1029 pientes,
1043 952 1079 1017 ut
1099 945 1197 1021 modo
1222 945 1280 1024 ur,
1301 951 1339 1011 ir·

131 1055 283 1134 rigatione
304 1054 509 1135 indigebant,
536 1072 662 1119 neeesse
686 1063 735 1116 est
753 1065 792 1135 ut
818 1056 972 1136 dieamus,
996 1054 1080 1127 hune
1103 1053 1190 1128 diem
1212 1051 1224 1134 ί
1246 1057 1342 1119 varius

131 1162 226 1227 huius
247 1161 307 1224 diei
330 1168 451 1243 partem
464 1162 635 1227 seeundum
652 1159 661 1242 )
689 1160 782 1244 longe
797 1161 880 1227 oltra
892 1161 1030 1242 spatium
1042 1160 1254 1235 ddihutmum
1268 1157 1340 1227 tuis·

84 1338 87 1345 ,
133 1290 167 1337 sa
188 1272 389 1352 productum,
409 1271 506 1337 immo
522 1270 620 1335 etiam
643 1271 725 1335 ultra
746 1271 778 1333 id
801 1277 930 1350 tempus
950 1288 1015 1353 quo
1035 1246 1149 1353 magna
1169 1256 1226 1345 iiia
1247 1291 1341 1355 aquae

131 1380 224 1460 eopia
245 1379 443 1461 evaporando
464 1380 599 1461 evanuit,
624 1381 667 1442 ita
691 1386 727 1442 ut
747 1397 848 1455 ‚novae
870 1387 981 1456 terrae,
1007 1380 1261 1460 iamnxsieoataa
1284 1383 1341 1447 ari«.

85 1530 87 1536 -
133 1490 268 1572 dasque,
289 1489 337 1551 vet
352 1486 488 1574 -pluriati
507 1486 556 1549 vel
579 1486 733 1575 artifieiali
755 1488 803 1548 rel
825 1486 887 1558 atie
907 1487 1020 1571 quavis
1037 1456 1169 1555 demoni
1190 1489 1340 1577 irrigatio·

137 1617 178 1665 ne
201 1597 387 1677 indigerent.

174 1707 350 1780 Praeterea,
376 1705 402 1765 si
424 1720 486 1766 una
510 1701 667 1766 ordinaria
696 1704 747 1774 die
762 1687 947 1788 autprimis'
959 1706 1046 1773 boris
1064 1705 1175 1771 tertias
1189 1705 1254 1769 diei
1267 1706 1342 1789 plan·

133 1822 183 1881 tae
206 1830 316 1878 ornnes
337 1812 378 1874 ad
399 1829 469 1875 eam
492 1812 741 1891 magnitudinem
775 1814 931 1878 Crantoris
953 1813 1092 1894 potentia
1113 1823 1293 1892 eraverunt,
1311 1820 1341 1879 ut

133 1923 245 2006 quinto
279 1920 310 1982 et
332 1927 422 1982 sexto
442 1919 493 1983 dia
514 1919 665 1985 omnibns
687 1922 899 1987 animantibus
920 1923 1045 2005 ipsique
1064 1924 1189 1986 bomini
1214 1923 1224 2006 (
1245 1925 1271 2007 1,
1297 1927 1340 2002 ih

132 2035 169 2110 tt,
189 2031 249 2111 tbi
277 2036 405 2111 praesto
424 2046 493 2091 esse
514 2029 581 2094 suis
602 2029 712 2095 usibus
734 2038 875 2111 possent;
899 2048 981 2112 opus
1002 2041 1069 2094 erat
1093 2041 1128 2095 ut
1160 2037 1340 2099 admouere·

134 2161 218 2219 mur,
232 2142 261 2201 in
284 2139 344 2203 hoo
367 2145 429 2199 tam
452 2137 538 2206 bravi
560 2140 712 2218 temporis
726 2140 960 2220 intercapedine
976 2142 1096 2220 pluvias
1111 2160 1210 2224 snper
1234 2152 1338 2207 terram

133 2243 449 2313 non-descendisset
475 2243 565 2307 carta
590 2237 654 2307 tam
684 2245 848 2308 mirandae
870 2246 914 2308 rai
942 2245 988 2308 vis
1010 2247 1136 2330 pluviae
1159 2249 1263 2330 impar
1285 2259 1337 2327 est;

134 2359 194 2422 iane
216 2367 283 2418 erat
303 2363 335 2417 et
355 2351 502 2415 Hebraeis
523 2359 646 2415 notum.
668 2353 701 2415 Si
724 2371 798 2421 raro
812 2355 919 2418 omnia
939 2357 1121 2420 immediate
1139 2359 1340 2440 [iausopera

135 2466 236 2541 batur,
253 2462 328 2543 quid
352 2459 456 2539 pluvia
476 2460 616 2523 fecissen
636 2460 811 2541 Dicendum
832 2463 927 2541 igitur
956 2469 1058 2534 restat
1078 2513 1086 2543 ,
1109 2464 1211 2529 Deum
1239 2469 1341 2531 fecisse

3 2612 12 2629 .
87 2559 89 2562 ⁵
134 2573 261 2654 quidem
297 2574 416 2637 semina
437 2573 486 2633 val
507 2571 653 2646 surculos
676 2572 836 2651 stirpium,
859 2572 915 2644 sed
938 2572 1183 2648 voluissesimui
1210 2584 1247 2640 nt
1267 2578 1342 2649 ordi·

135 2684 223 2746 nario
244 2681 327 2762 qnod
360 2686 513 2752 statuerat
534 2679 651 2757 medio,
675 2679 695 2742 i.
718 2697 747 2741 e.
768 2696 860 2760 aque,
885 2688 1061 2753 cremarent
1092 2699 1135 2746 no
1156 2682 1279 2756 fruetus
1301 2685 1341 2748 ai·

136 2790 254 2854 ferrent
277 2805 362 2851 suos:
386 2789 440 2854 aad
462 2795 498 2858 nt
522 2789 581 2858 hoe
602 2789 708 2858 medio
729 2775 854 2869 ptautaa
875 2796 1075 2865 arescerent,
1103 2805 1179 2861 sane
1204 2799 1344 2871 opusest

136 2904 279 2977 tempore
298 2898 339 2967 titt
360 2898 446 2963 horis
468 2898 620 2976 longiore.
643 2897 708 2968 Iam
729 2896 820 2964 uitari
841 2914 868 2960 s.
895 2895 1033 2978 Ephrem
1054 2881 1235 2977 docentem,
1251 2900 1343 2975 haum

136 3004 299 3071 ordinasse
334 3012 369 3074 ut
404 3003 583 3073 formationi
610 3004 784 3085 primarum
814 2992 995 3084 plantarum
1026 3021 1121 3086 opem
1145 3023 1242 3076 sunm
1271 3023 1345 3089 aqut

139 3111 235 3176 terret
261 3110 451 3192 tuxxxw.
477 3128 579 3192 prope.
600 3109 654 3181 ttn.
669 3110 690 3191 i·
790 3136 795 3140 ·

176 3221 404 3302 Consequentia
425 3221 502 3285 haee
521 3221 634 3290 invicte
658 3219 863 3292 sundrmatur
888 3236 916 3284 v.
929 3222 978 3285 6.⁰
991 3220 1002 3303 (
1017 3221 1078 3296 nisi
1089 3222 1273 3296 intrudatur
1283 3223 1341 3301 itia,

136 3349 231 3412 quam
253 3330 429 3406 raieeimus,
467 3329 591 3408 negatio
606 3329 626 3410 i,
645 3329 700 3397 ubi
721 3329 874 3398 indinatur
894 3329 1091 3402 humiditatis
1111 3331 1202 3405 fons,
1232 3334 1347 3409 seitinet

17 3517 19 3520 Α
136 3456 234 3519 vapor
254 3439 309 3520 qui
331 3417 456 3519 pluviae
476 3438 617 3510 defectus
639 3438 833 3519 supplebat,
859 3439 1017 3517 irrigando
1038 3439 1221 3516 uniuersam
1242 3459 1347 3523 snper·

136 3549 237 3630 finient
252 3547 483 3627 terraer-qnod·
500 3546 650 3627 proiecto
663 3546 773 3615 inutita
805 3547 927 3623 fuisset,
962 3565 1021 3610 nee
1049 3552 1297 3614 memorandum
1318 3550 1347 3612 in

137 3659 257 3735 vulgari
271 3655 436 3719 sententia.
446 3655 598 3736 Adventu,
613 3661 707 3718 etiam
723 3651 919 3720 inaententia
932 3657 1113 3730 Bucktandii
1128 3658 1169 3740 (ξ
1183 3659 1221 3722 V.
1238 3660 1248 3742 )
1266 3662 1347 3725 buno

79 3845 83 3851 .
137 3765 221 3830 diem
245 3767 339 3842 longa
373 3763 859 3836 diuturniorem,ordinariodia
874 3763 1057 3845 ponendum
1078 3750 1161 3826 esse:
1188 3766 1241 3828 hie
1264 3768 1346 3830 enim

137 3874 177 3935 de
191 3871 311 3940 ¹diebus
340 3869 486 3941 mosaicis
507 3871 641 3949 agimus,
665 3889 727 3939 non
747 3873 789 3935 da
811 3871 1038 3951 phoenomenis
1054 3890 1136 3957 quea
1151 3873 1199 3950 ‚ad
1220 3880 1346 3958 tempus

136 3979 204 4041 dies
227 3979 298 4042 iilos
319 3979 518 4059 praecedens·
535 3979 696 4048 amandari
717 3986 862 4061 possunt.

176 4087 215 4158 Et
227 4086 287 4150 boe
304 4088 474 4150 adnotabo:
489 4087 590 4152 Arida
603 4109 621 4152 a
632 4089 697 4153 Deo
710 4087 866 4171 appellata
881 4085 942 4154 fuit
954 4081 1090 4176 Wiss·
1109 4091 1157 4154 10.
1168 4088 1192 4171 ).
1205 4089 1348 4158 lemvaro

137 4197 169 4258 in
192 4197 292 4276 eapite
315 4196 374 4257 hon
410 4200 551 4260 seeundo
574 4199 728 4278 tegimus,
753 4218 813 4280 per·
840 4206 961 4264 eertum
984 4181 1110 4287 t'e'r'iapus
1134 4219 1194 4266 nee
1215 4177 1348 4267 barbam

137 4319 195 4370 neo
218 4308 391 4386 'rit-guttum
416 4323 510 4392 super
529 4321 626 4426 W<
640 4309 844 4393 germinasse,
858 4333 929 4396 gneo
954 4316 1054 4393 Deum
1090 4317 1211 4399 pluisse
1246 4308 1347 4399 spper‘
