2970 5002
218 275 258 339 to

219 415 271 493 tis,
287 411 379 475 unius
402 405 609 491 probabiliter
622 422 640 468 e
660 403 827 487 reptilibus
841 404 1033 468 detractoris
1048 406 1057 487 l
1066 422 1105 469 ex
1120 421 1271 472 ranarum
1286 408 1434 492 familia).

217 524 252 584 ln
270 529 409 599 terreno,
431 517 517 600 quod
539 515 648 580 dicunt
668 517 869 591 lorosticom,
886 524 1011 595 praeter
1032 516 1217 594 vegetabitia
1232 525 1265 580 et
1287 520 1436 584 animalia

218 635 288 695 sine
304 629 475 709 vertebris,
498 629 615 708 reperti
637 634 713 689 sunl
729 624 970 693 extraordinarii
986 626 1130 689 Sauriani
1145 627 1295 706 aquatici,
1321 636 1357 691 et·
1368 629 1435 692 Pte·

218 740 387 821 rodactpir',
403 738 523 801 scilicet
543 739 687 801 volantes
706 737 858 814 reptiles,
883 736 1090 814 probabiliter
1110 737 1307 800 inseetivori.
1321 737 1357 799 ln
1373 738 1435 802 hoc

217 859 353 927 terreno,
369 866 430 912 una
452 864 526 910 cum
539 842 686 927 pluribus
701 845 831 908 marinis
848 844 1031 920 fossilibus,
1048 853 1191 926 repertae
1200 846 1355 937 dicuntur
1369 849 1436 927 pri·¹

216 978 287 1024 mae
312 957 462 1040 reliquiae
484 955 715 1034 mammolinm,
739 972 848 1034 verum
863 973 902 1016 ex
928 954 1032 1018 minus
1054 956 1434 1036 perfeetisanimantibus

218 1068 312 1130 huius
334 1066 454 1128 classis:
476 1062 626 1143 reliquiae
648 1062 720 1123 illae
742 1069 816 1124 sunt
830 1078 944 1141 parvae
959 1063 1162 1125 mandibulae
1178 1080 1217 1124 cx
1232 1062 1366 1129 animali
1381 1064 1434 1127 illo

215 1177 301 1257 quod
323 1173 494 1254 Didelplres
506 1171 693 1235 Bnctlondii
706 1171 902 1252 appellatum
915 1179 962 1234 est
976 1181 1002 1232 1:
1019 1188 1129 1235 verum
1142 1171 1306 1236 nonnullis
1321 1172 1341 1223 2
1366 1190 1434 1254 pro·

216 1283 352 1347 habilius
379 1283 457 1344 lraee
477 1297 549 1344 ossa
569 1280 609 1341 ad
631 1280 765 1342 classem
786 1280 880 1343 istam
893 1298 956 1343 uon
979 1280 1125 1343 videntur
1145 1279 1323 1343 referenda:
1341 1282 1382 1345 cl.
1396 1282 1434 1344 A⁴

215 1395 315 1470 gassiz
330 1389 494 1470 probabile
509 1394 656 1468 putat,ea
667 1389 707 1451 ad
721 1389 850 1469 aliquod
866 1390 1099 1452 mammiierum
1110 1407 1148 1452 ex
1159 1389 1356 1470 aquatilibus
1369 1408 1434 1472 por·

217 1501 327 1564 tinere.
352 1500 470 1563 Revera
491 1499 623 1560 exuviae
646 1499 864 1561 mammalium
888 1499 922 1561 in
945 1505 1069 1560 terreno
1091 1506 1231 1561 cretaeae
1257 1497 1267 1578 (
1280 1501 1372 1579 quod
1386 1517 1433 1564 re·

216 1613 338 1674 centius
360 1608 561 1687 praecedenti
581 1607 742 1688 creditur)
766 1625 939 1689 numquam
965 1615 1106 1688 repertae
1130 1614 1216 1687 sunt,
1238 1609 1297 1671 sed
1322 1609 1432 1689 pisces,

216 1721 311 1782 etiam
340 1735 439 1798 aquae
460 1718 582 1794 dulcis,
608 1717 782 1780 testudines
803 1717 992 1795 fluviatiles,
1023 1718 1295 1781 saurianimariui
1317 1725 1352 1781 et
1373 1727 1434 1783 ler-
1475 1806 1477 1811 Δ

123 1852 125 1855 ·
216 1835 356 1906 restres,
379 1826 570 1904 exuviaeque
591 1827 696 1888 avium
729 1844 810 1906 quae
831 1843 934 1906 aquae
953 1827 1037 1906 ripas
1058 1827 1185 1890 colunt.
1208 1826 1263 1891 His
1285 1829 1430 1906 terrenis,

215 1934 493 2015 quaesecandaria
515 1934 728 2013 appellantur,
752 1934 987 2012 superinsidunt
1007 1952 1087 2013 quae
1101 1935 1252 1998 tertiario
1273 1937 1432 2000 dieuubrr.

215 2043 250 2105 ln
274 2044 343 2123 his,
370 2059 528 2105 unacum
551 2043 725 2106 innumeris
746 2042 906 2105 fossilibus
929 2043 1057 2104 marinis
1090 2044 1195 2124 (quae
1215 2046 1318 2124 magis
1342 2062 1436 2127 quarn

216 2150 435 2232 praecedentia
456 2149 616 2215 hodiernis
637 2152 814 2215 viventibus
835 2151 1074 2232 assimilantur)
1098 2152 1434 2217 effodiunturexuviae

216 2259 455 2341 quadrupedum
469 2261 676 2324 terrestrium:
691 2279 799 2324 varum
812 2261 1004 2341 antiquiores
1018 2259 1035 2311 3
1050 2260 1130 2325 inter
1145 2262 1202 2325 bos
1225 2261 1307 2326 adeo
1322 2279 1436 2328 auuue

215 2369 390 2433 viventibus
411 2370 570 2447 differunt,
593 2377 630 2434 ut
651 2371 772 2434 diversa
790 2389 922 2452 prorsus
942 2389 1057 2452 genera
1078 2371 1312 2435 constituenti:
1329 2391 1437 2442 recen.⁴

216 2480 311 2540 tiores
333 2479 491 2557 pertinent
506 2478 545 2540 ad
560 2495 675 2555 genera
695 2487 750 2541 aut
771 2479 809 2541 iis
823 2499 904 2560 qnae
927 2498 1010 2543 nunc
1028 2481 1137 2542 vivunt
1157 2481 1248 2543 valdo
1269 2482 1389 2545 similia
1406 2493 1435 2560 a,

217 2594 271 2650 aut
292 2586 402 2678 eadem
424 2601 496 2647 cum
519 2584 598 2666 illis,
619 2587 666 2648 uti
688 2597 764 2651 suut
785 2607 900 2667 genera
921 2589 1075 2670 Elephas,
1090 2589 1287 2665 Rhinoceros,
1302 2591 1436 2671 Ippopo·

217 2703 330 2771 torrrus,
353 2693 484 2772 Castor,
511 2696 581 2756 Mur
593 2715 604 2771 ;
618 2698 773 2776 quaedam
795 2700 892 2760 etiam
913 2699 952 2760 ad
973 2698 1085 2761 Simias
1111 2699 1160 2761 vel
1180 2698 1220 2761 ad
1243 2697 1341 2760 Feras
1366 2715 1435 2762 car·

218 2803 366 2878 niveras,
392 2807 423 2863 at
445 2815 535 2864 rarae
555 2809 641 2864 suut.

256 2908 404 2973 Pluribus
427 2912 458 2972 in
481 2909 578 2985 locis,
605 2909 799 2988 superhaec
824 2916 947 2972 terrena
968 2909 1136 2972 sedimenti
1158 2908 1265 2989 aquei,
1282 2910 1440 2990 adparent

217 3017 361 3095 deposita
387 3018 438 3080 illa
462 3035 542 3098 quae
554 3018 593 3080 ab
613 3018 823 3081 alluvionibus
838 3020 902 3081 sive
923 3020 1089 3081 acurrenti
1105 3025 1137 3079 et
1153 3018 1337 3098 perturbata
1351 3036 1437 3100 aqua

218 3128 386 3208 repetenda
408 3126 566 3203 videnlur,
581 3133 612 3188 et
632 3132 736 3188 tamen
759 3147 776 3188 a
796 3128 948 3206 depositis
970 3128 1145 3189 recentium
1166 3126 1441 3198 ethodiernarum

217 3237 413 3301 alluvionum
426 3237 585 3315 differunt,
600 3243 631 3298 et
641 3237 834 3316 antiquiores
845 3237 908 3298 illis
921 3244 1006 3299 sunt:
1021 3244 1174 3298 vocantur
1187 3244 1294 3299 autem
1308 3246 1441 3301 terrene

218 3345 384 3407 diluvione
416 3363 472 3407 seu
493 3346 668 3409 Diluntum.
702 3345 749 3408 Ex
772 3346 821 3406 bis
842 3346 973 3408 terrenis
998 3345 1116 3408 multae
1141 3347 1335 3409 effodiuntur
1365 3348 1441 3410 ani-

220 3453 350 3519 malium
375 3453 540 3535 reliquiae,
564 3464 685 3518 tumes
706 3455 875 3533 generibus
897 3472 999 3534 nuper
1019 3455 1165 3517 indicatis
1188 3465 1256 3517 tum
1283 3473 1323 3517 ex
1337 3456 1438 3534 aliis,

252 3621 267 3670 1
286 3624 317 3674 V.
339 3622 384 3688 fig.
403 3639 446 3692 ap.
467 3624 603 3678 Bucklaud
624 3625 700 3678 Geel.
720 3623 775 3677 aad
792 3625 918 3680 Minerel.
939 3625 997 3680 Vol.
1015 3626 1052 3677 ll.
1073 3625 1113 3679 Pl.
1134 3629 1170 3679 ll.
1189 3624 1319 3678 Beudaut.
1342 3608 1441 3677 'Geato-⁸

218 3720 269 3786 pie.
292 3721 417 3786 bg.192.
1261 3731 1263 3734 '

252 3818 392 3879 borant,
411 3816 563 3871 Blaiuville.
582 3822 616 3872 V.
635 3819 777 3874 Blaiuvilla
798 3820 917 3885 Gomptcs
935 3819 1034 3872 rendae
1052 3819 1097 3872 dea
1119 3824 1225 3874 mances
1244 3818 1275 3871 de
1305 3818 1441 3874 t’Acedt·

218 3918 269 3965 mir
288 3915 332 3966 des
350 3919 431 3969 scien.
453 3917 529 3969 1838.
549 3931 614 3968 scm.
636 3918 661 3967 2.
682 3933 709 3982 p.
729 3915 801 3978 402,
819 3918 883 3968 727.

252 4012 268 4059 3
288 4013 319 4059 1η
336 4019 443 4063 terreno
462 4014 531 4079 quod
549 4013 699 4079 parisiense
717 4014 864 4082 appellans.

251 4108 266 4156 l
288 4108 748 4177 Paleaotteerirundnuplotlterr‘nnc.
1440 4156 1442 4160 ψ

252 4206 430 4257 ὅΜαεεοιΙοη
448 4223 525 4272 quam
545 4210 653 4272 quidam
672 4216 766 4274 putant
785 4208 811 4260 in
832 4224 926 4274 genere
946 4212 1062 4277 Elephas
1081 4209 1240 4277 ponendum.
1261 4214 1291 4262 V·
1311 4212 1441 4268 Mirrada

218 4301 449 4371 l’dcud.1urp.rle
464 4307 492 4357 S.
512 4305 691 4372 Pdtcrrbcarp.
716 4314 748 4366 Τ.
768 4313 799 4365 V.
820 4324 847 4375 p.
866 4308 919 4364 tri
933 4310 1042 4373 (lsslb'b
