2984 5004
1221 280 1261 343 33

39 410 144 475 immo
159 410 265 491 potius
279 411 425 474 videntur
435 411 583 475 absurda.
601 411 764 475 Praeterea
779 428 850 474 cum
867 412 902 474 iis
925 429 1005 492 quae
1027 415 1127 478 oculis
1150 419 1261 480 ausar-

39 530 157 582 vantur
170 522 351 583 nullatenus
366 533 556 600 congruunt,
573 530 605 582 el
618 522 805 600 scripturam
821 523 957 583 irrisioni
973 534 1146 602 exponunt,
1170 530 1258 606 quod

41 635 242 708 quantopere
270 629 311 688 sit
327 629 512 702 cavendum,
537 629 776 706 etAuguslinus
791 640 823 690 ct
847 630 981 692 Tlrornas
1003 631 1121 712 docuit,
1138 644 1167 696 et
1185 653 1261 715 pru·

39 738 122 799 dens
149 738 282 817 quisque
298 754 333 800 ac
349 738 421 818 pius
444 737 534 800 facile
558 740 718 818 perspicit.

80 848 162 910 xlv.
185 847 355 926 Praecipua
378 864 472 909 causa
485 865 542 909 cur
557 848 641 910 llens
663 865 719 909 sex
738 848 850 911 diebus
866 864 961 929 opera
974 867 1029 910 sua
1046 852 1173 914 molitus
1190 855 1251 929 sit,

49 974 131 1038 quae
153 962 316 1019 momento
328 962 363 1016 et
385 956 479 1018 simul
493 957 601 1018 omnia
623 956 726 1019 lacere
738 965 873 1037 poterat,
896 960 973 1020 lracc
984 960 1107 1023 videtur
1119 961 1257 1039 Patauio,

41 1075 77 1128 ut
91 1067 231 1129 humano
257 1065 365 1144 captui
387 1065 617 1145 omnipotentis
645 1056 826 1127 efficientiae
841 1084 915 1128 suaa
930 1067 1061 1129 modum
1076 1085 1258 1133 accommo·

40 1177 148 1239 daret.
163 1175 280 1238 Verum
297 1190 402 1254 nemo,
417 1181 556 1253 utputo,
572 1191 612 1236 ex
624 1174 672 1236 his
686 1177 739 1255 qui
755 1183 864 1237 nostro
878 1190 955 1237 aevu
969 1175 1001 1237 in
1017 1177 1186 1239 scrutanda
1198 1195 1257 1238 na-

42 1291 112 1348 tura
127 1286 257 1360 eiusque
271 1282 394 1360 legibus
405 1288 613 1362 occupantur,
627 1282 718 1344 facile
731 1282 827 1359 dabit,
847 1283 1028 1346 Creatorem
1043 1285 1075 1345 in
1090 1286 1257 1348 condendo

46 1392 194 1454 universo
208 1390 293 1453 hunc
318 1390 378 1452 sibi
400 1389 497 1452 linem
518 1390 733 1470 proposuisse,
750 1397 786 1452 ut
807 1407 900 1452 suum
914 1391 1079 1472 opificium
1091 1391 1258 1455 huminum

43 1500 428 1580 caprulaccommodaret.
451 1497 631 1561 invenimus
652 1498 859 1574 econtrario,
886 1516 967 1579 quae
993 1517 1100 1565 rerum
1125 1509 1259 1562 natura-

45 1611 126 1673 lium
138 1627 265 1674 caussas
279 1608 497 1687 investigando
511 1609 653 1670 homines
669 1611 772 1688 primo
787 1608 966 1686 coniiciunt,
982 1627 1019 1671 ea
1029 1626 1123 1689 saepe
1137 1611 1258 1688 longis-

44 1719 124 1780 sime
135 1719 246 1781 obesse
261 1725 279 1779 a
293 1719 436 1793 veritate3
452 1723 484 1778 et
495 1733 568 1777 vere
592 1716 709 1778 laboris
730 1732 767 1776 ac
788 1715 989 1778 tenebrarum
1004 1718 1133 1795 plenam
1156 1718 1259 1780 aleam

41 1827 169 1891 dedisse
180 1826 280 1888 Deum
295 1825 367 1887 liliis
380 1826 555 1900 hominum,
572 1842 672 1904 quum
683 1824 831 1887 mundum
844 1823 978 1889 tradidit
990 1824 1199 1905 disputationi
1210 1845 1259 1888 eo·

40 1955 125 1999 rum.
138 1935 286 2014 Quamvis
299 1935 383 1995 eninr
406 1935 509 1996 nativa
521 1933 573 1995 illa
589 1933 706 1998 sciendi
722 1935 895 2014 cupiditate
907 1933 1047 2014 excitati,
1062 1945 1193 1996 naturae
1210 1935 1260 1996 la-

44 2047 152 2109 tebras
167 2062 332 2125 nunquam
348 2061 413 2106 non
426 2045 534 2107 eonati
548 2046 610 2106 sint
624 2043 754 2106 introire
781 2053 814 2106 et
828 2043 882 2105 Dei
895 2062 991 2124 opera
1013 2054 1178 2124 perspecta
1200 2045 1261 2107 lra-

42 2155 128 2231 bere,
146 2162 251 2216 tamen
266 2154 358 2215 valde
376 2153 537 2233 paueavel
552 2153 614 2232 ipsi
637 2153 830 2231 philosophi,
848 2153 1032 2214 meditando
1059 2153 1260 2215 observando

41 2262 246 2344 experiendo,
256 2261 471 2340 supputando,
482 2268 555 2339 post
569 2262 671 2321 multa
685 2259 820 2335 saecula,
838 2266 911 2338 post
926 2277 1057 2338 magnos
1072 2277 1196 2322 errores
1213 2262 1258 2320 in-

40 2373 151 2432 venire
161 2375 346 2448 potuerunt;
360 2365 498 2430 utdocto
511 2367 543 2427 in
558 2368 670 2446 primis
685 2365 804 2429 homini
818 2368 923 2446 palam
938 2384 1008 2429 esse
1018 2368 1139 2442 debeat,
1158 2370 1261 2430 omni-

39 2498 84 2544 no
100 2478 212 2541 datum
227 2476 319 2539 nobis
334 2493 397 2539 non
412 2493 493 2556 esse,
508 2483 543 2538 ut
564 2477 710 2538 universa
735 2484 972 2558 praeoperatur
986 2485 1033 2541 ert
1046 2479 1129 2542 Deus
1142 2476 1181 2540 ab
1193 2479 1261 2540 ini·

41 2590 85 2653 tio
99 2603 198 2668 urqrte
208 2586 249 2648 ad
268 2585 362 2665 finem
376 2584 569 2649 inveniamus
591 2587 617 2646 1.
632 2585 713 2647 llaec
728 2584 874 2663 pluribus
889 2584 1076 2649 confirmare
1091 2586 1258 2666 exemplis,

41 2695 217 2778 etquidem
232 2693 503 2770 luculentissimis,
521 2693 606 2757 haud
623 2693 749 2756 difficile
765 2695 857 2772 loret,
873 2696 930 2757 sed
945 2711 1008 2758 non
1021 2699 1070 2757 est
1083 2693 1177 2757 huius
1194 2695 1261 2758 loci

45 2807 104 2868 ista
118 2802 301 2884 disputatio.
313 2802 401 2865 lllud
417 2804 523 2882 potius
538 2820 602 2865 non
614 2802 705 2864 facile
720 2804 872 2884 percipio,
887 2804 1049 2884 quomodo
1071 2803 1167 2866 Musis
1184 2822 1261 2867 nar-

42 2917 136 2995 ratio,
153 2921 189 2979 ut
201 2932 237 2976 ea
260 2913 356 2991 vulgo
371 2912 535 2992 accipitur,
550 2913 590 2975 sit
604 2913 770 2975 hominum
783 2915 900 2996 captui,
914 2913 1043 2978 rudium
1058 2917 1257 2996 praesertim,

42 3024 136 3087 ralde
148 3021 395 3085 accommodata.
411 3021 502 3096 Puto,
523 3020 646 3084 facilius
669 3021 813 3085 homines
839 3023 1073 3085 intellexissent
1099 3025 1201 3086 solem
1226 3025 1257 3093 in

41 3130 199 3213 principio
211 3128 391 3190 immediate
405 3146 422 3189 a
438 3127 502 3190 lieo
513 3128 649 3205 lactum,
664 3145 760 3209 quam
777 3129 918 3207 ignotam
944 3129 1031 3192 illam
1045 3130 1137 3210 primi
1151 3131 1213 3192 diei
1228 3138 1260 3190 et

42 3243 141 3305 asole
162 3237 342 3301 distinctam
365 3238 480 3315 lucem,
497 3239 586 3301 cuius
601 3255 713 3301 caussa
733 3245 764 3299 et
787 3254 864 3300 usus
885 3243 918 3299 et
938 3254 1138 3319 consequens
1158 3245 1263 3301 status
1297 3241 1308 3255 “·

43 3348 355 3431 aequeignorantur3
370 3347 419 3409 rel
434 3353 497 3408 tres
519 3354 750 3426 consequentes
764 3347 833 3410 dies
854 3347 999 3433 quisine
1022 3346 1089 3410 sole
1114 3355 1200 3419 sunt,
1223 3356 1257 3407 at

43 3477 137 3523 mane
157 3459 276 3521 habent
295 3465 327 3520 at
349 3472 524 3537 vesperam.
550 3457 643 3535 Puto,
658 3454 782 3517 facilius
803 3456 928 3518 aridam
945 3475 1008 3520 una
1030 3475 1103 3520 oum
1125 3458 1204 3520 mari
1228 3457 1261 3519 in

42 3569 201 3649 principio
222 3569 324 3631 Deum
339 3568 451 3631 iecisse
467 3564 525 3626 sibi
538 3567 764 3644 persuaderent
779 3565 934 3645 homines,
950 3583 1046 3648 quam
1065 3576 1181 3629 terram
1197 3565 1259 3646 pri·

45 3697 99 3742 mo
110 3680 201 3758 aquis
216 3685 359 3759 opertam
374 3726 382 3756 ,
397 3677 510 3739 deinde
522 3675 573 3737 dia
584 3674 674 3737 tertia
687 3676 743 3738 Dei
761 3675 893 3756 imperio
908 3695 946 3739 ex
959 3677 1051 3739 undis
1066 3675 1255 3748 emersisse,

46 3793 112 3849 tota
133 3787 187 3848 illa
198 3802 352 3866 aquarum
367 3785 502 3848 malain
524 3783 710 3846 humiliores
725 3785 812 3862 globi
830 3792 934 3865 partes
957 3785 1124 3846 recedente
1144 3831 1150 3860 ,
1166 3781 1259 3860 quasi

46 3913 122 3958 vero
136 3902 216 3958 tune
229 3899 262 3954 et
275 3909 338 3954 non
353 3899 445 3958 antea
460 3891 522 3954 vim
544 3894 741 3973 accepissent
754 3908 854 3972 aquae
868 3908 926 3972 per
937 3890 1055 3952 declive
1070 3889 1208 3963 labendi,
1225 3895 1257 3949 et

13 4076 16 4081 ¹
46 4008 162 4082 suopte
174 4000 316 4080 pondere
337 3999 488 4062 deorsum
503 4002 662 4074 tendendi,
676 4000 762 4080 quod
784 4000 931 4063 nonnulli
946 3998 1180 4060 existimarunt.
1257 4016 1262 4025 ·

85 4112 151 4175 XV.
177 4109 343 4190 Exponcrc
365 4110 524 4172 naturales
547 4112 685 4175 rationes
702 4126 782 4190 quae
797 4110 836 4172 ad
861 4109 1082 4174 formationem
1106 4101 1264 4186 terraquei

84 4309 190 4363 lErcl.
209 4311 240 4374 l,
262 4308 314 4373 1³3
335 4309 394 4375 lll,
414 4310 457 4364 ll.
560 4286 563 4291 ’

1034 4408 1051 4436 ἦ
1139 4406 1142 4410 .
