2970 5002
134 294 201 364 'tto

140 431 240 510 vult,
273 426 383 491 lunam
415 422 453 485 ad
476 421 537 485 hoc
560 418 656 506 luisse
677 418 710 480 in
733 417 822 480 coelo
842 415 982 498 positam
1003 417 1039 476 ut
1059 407 1192 490 singulis
1217 407 1353 474 noctibus

146 558 184 604 sc
205 546 271 607 toto
294 534 395 598 noctis
417 539 559 613 tempore
580 535 679 591 terras
702 527 849 591 illustret.
875 525 955 591 lllud
977 539 1077 596 unum
1111 520 1150 583 dc
1178 520 1255 583 luna
1280 536 1358 601 prae·

127 649 233 711 dicat
252 645 338 726 quod
360 645 427 724 ipsa
449 639 533 721 facit,
547 654 646 722 eaque
667 642 790 698 tantum
812 634 932 697 ratione
955 632 1100 698 asserite
1117 630 1190 692 luna
1206 635 1315 692 noctes
1326 628 1357 690 il-

147 755 315 829 luminari,
341 747 616 831 quemadmodum·
629 747 669 809 ab
690 746 757 825 ipsa
776 744 941 826 praestari,
963 741 1062 807 oculis
1077 740 1213 822 quisque
1234 739 1301 802 suis
1323 739 1356 800 ri·

140 865 211 949 det.
235 863 377 945 Cumque
398 875 478 945 usus.
497 873 627 930 rerum,
652 854 836 935 praesertim
859 852 914 933 qui
934 831 1093 915 naturales
1117 853 1215 929 sunt,
1244 847 1307 910 sint
1325 847 1355 909 fl·

144 991 202 1037 nes
225 990 241 1032 a
264 971 331 1034 lieo
355 969 449 1033 rebus
470 966 547 1045 ipsis
569 964 756 1042 constituti,
780 963 851 1045 ideo
873 965 913 1026 ad
935 962 996 1025 hoo
1026 958 1091 1023 duo
1122 957 1177 1020 illa
1198 957 1354 1025 luminaria

141 1081 223 1147 iacta
247 1079 323 1142 dicit
346 1096 363 1141 a
384 1076 462 1152 lleo,
486 1083 521 1140 ut
542 1081 658 1139 terram
673 1071 862 1136 illuminent.
877 1066 1099 1151 Lunamdixit
1112 1064 1279 1129 Secundus
1294 1065 1353 1146 phi-

139 1186 294 1269 losophus
318 1201 386 1247 esse
413 1181 495 1248 Solis
516 1166 680 1256 aemulam,
703 1177 928 1258 roclefioiorum
948 1175 1119 1261 inimicam,
1141 1173 1281 1236 salomen
1305 1174 1353 1236 iter

141 1295 296 1375 operatium
315 1343 322 1373 ,
347 1301 380 1356 et
403 1289 651 1374 Epictetus-dici
671 1286 870 1364 adiutricem,
893 1291 925 1346 et
947 1284 1047 1367 noctis
1069 1281 1204 1345 oculum.
1228 1281 1352 1346 Audien-

141 1382 201 1464 dus
223 1401 338 1462 iterum
370 1417 396 1463 s.
421 1398 556 1461 Thomas
587 1399 613 1456 1.
635 1393 816 1472 «Moyses,
839 1399 874 1453 ut
897 1391 1052 1471 populum
1085 1390 1125 1451 ab
1147 1389 1293 1455 idolatria
1313 1403 1352 1450 rc·

145 1513 333 1598 ⁴«siccaret,
364 1492 452 1570 illam
474 1505 575 1572 solam
598 1519 727 1572 causam
746 1500 861 1582 tetigit,
889 1499 1066 1567 secundum
1088 1497 1175 1583 quod
1197 1504 1272 1560 sunt
1286 1495 1351 1561 facta

141 1638 172 1691 e.
188 1617 228 1679 ad
250 1615 419 1683 utilitatem
439 1622 627 1685 nostram.»
911 1675 914 1679 ,

144 1795 154 1804 ,
180 1723 334 1786 La-Place
355 1723 492 1805 scripsit,
514 1723 671 1804 quosdam
691 1721 831 1795 fautores
853 1738 1037 1785 caussarum
1053 1719 1196 1783 finalium
1207 1732 1351 1782 commen·

27 1877 32 1883 „
140 1840 191 1899 tos
212 1848 282 1894 esse
302 1831 412 1919 lunam
435 1831 540 1893 telluri
564 1829 696 1908 datam,
719 1839 755 1892 ut
776 1838 846 1894 eam
868 1847 926 1910 per
946 1836 1074 1893 noctem
1090 1828 1352 1902 illuminaret,tt·

141 1959 202 2025 que
224 1941 272 2001 his
293 1939 450 2019 opponit,
473 1939 591 2002 multas
625 1955 694 1999 esse
715 1947 825 2003 noctes
847 1957 929 2019 quae
960 1939 1019 2001 hac
1041 1939 1112 2002 luce
1139 1944 1252 2001 carent
1268 1957 1279 2014 ἱ
1296 1937 1351 2016 ipsc

140 2064 217 2114 vero
240 2047 358 2113 indicat
379 2047 540 2131 quomodo
563 2046 638 2110 luna
661 2046 787 2127 disponi
807 2050 998 2132 potuisset,
1034 2056 1070 2110 ut
1090 2053 1246 2128 perpetuo
1267 2051 1351 2108 totum

117 2154 253 2234 -seciem
275 2152 486 2218 illuminatam
509 2152 600 2216 nobis
622 2155 816 2219 ostenderet.
839 2155 923 2233 Sed,
945 2154 1098 2218 collocata
1120 2154 1196 2215 luna
1232 2160 1269 2215 ut
1293 2165 1351 2214 eam

139 2265 209 2343 ipse
230 2262 330 2342 ponit,
354 2279 468 2345 nempe
489 2271 578 2325 extra
599 2279 715 2326 conum
738 2263 862 2327 telluris
884 2264 1083 2339 umbrosum,
1099 2279 1139 2324 no
1154 2261 1233 2326 radii
1246 2261 1351 2324 solares

141 2367 316 2457 adiuuem
349 2368 461 2433 directi
494 2370 774 2447 aterrae,umbra
809 2370 1073 2451 intercipiantur;
1109 2369 1186 2432 luna
1221 2351 1289 2449 ipsa
1309 2382 1352 2434 sc·

141 2476 211 2570 ries
228 2476 334 2542 minor
354 2477 447 2544 nobis
467 2477 634 2559 adpareret
650 2525 658 2557 ,
673 2479 816 2562 adeoquo
836 2495 1012 2560 numquam
1033 2479 1138 2542 lucem
1159 2478 1236 2540 satis
1259 2475 1353 2557 copio-

138 2601 208 2652 sam
229 2583 320 2649 nobis
341 2584 546 2652 ministraret.
569 2585 734 2677 Praeterea
762 2587 847 2650 docti
868 2588 1055 2653 Geometras
1077 2588 1349 2658 demonstrarunt,

137 2692 402 2783 positisnaturee
425 2696 550 2777 legibus
583 2704 618 2759 ut
647 2712 702 2759 eae
723 2701 859 2758 statutae
879 2703 953 2757 sunt
970 2745 977 2771 ,
996 2713 1099 2777 neque
1119 2696 1151 2756 in
1172 2694 1227 2755 illa
1259 2695 1351 2775 hypo,

136 2800 220 2883 thesi
240 2815 334 2879 posse
354 2818 373 2863 a
395 2801 468 2868 luna
483 2811 581 2881 totam
602 2810 726 2887 partem
749 2802 960 2871 illuminatam
982 2804 1089 2870 telluri
1104 2786 1231 2882 semp'er
1253 2811 1350 2866 osten-

139 2910 194 2998 di:
220 2928 259 2977 cx
290 2927 354 2990 quo
383 2891 465 2980 titud
499 2912 625 2979 tandem
660 2914 805 2977 futurum
831 2920 937 2993 esset,
971 2921 1007 2977 ut
1040 2913 1113 2975 luna
1147 2911 1349 2992 perlongum

139 3021 291 3101 temporis
312 3021 513 3086 intervallum
537 3038 627 3084 suem
650 3020 755 3086 lucem
777 3021 883 3085 telluri
905 3023 1036 3085 omnino
1058 3021 1263 3086 subduceret.
1287 3021 1349 3084 Non

138 3137 207 3195 erat
226 3137 337 3196 autem
357 3131 547 3196 conveniens
566 3180 573 3204 ,
595 3130 697 3198 Deum
719 3129 887 3194 immutare
911 3149 984 3194 suas
1007 3130 1092 3208 leges
1110 3179 1118 3209 ,
1134 3129 1349 3211 utaliquando

137 3236 252 3304 molius
286 3247 369 3299 terra
396 3237 627 3314 illustraretur,
656 3256 693 3301 eo
718 3238 904 3319 praesertim
926 3247 1068 3318 tempore
1089 3239 1175 3321 quod
1190 3238 1350 3301 hominum

136 3343 364 3430 mitiorumque
388 3346 595 3410 animantium
616 3348 715 3431 quieti
740 3346 931 3409 destinatum
954 3353 1012 3412 est.
1035 3346 1155 3410 Lunam
1176 3345 1262 3408 Deus
1285 3343 1350 3411 lecit

138 3451 235 3514 etiem
258 3450 298 3515 ad
320 3450 405 3532 hoc,
429 3460 464 3519 ut
493 3461 609 3520 terram
630 3455 751 3516 scilicet
773 3454 966 3519 illuminaret
981 3433 992 3535 ‚¹
1014 3471 1079 3517 non
1102 3472 1176 3519 vero
1201 3469 1348 3534 percur-

135 3564 203 3621 ctas
229 3565 339 3623 noctes
354 3576 412 3622 nec
432 3560 553 3640 optimo
576 3579 640 3643 quo
652 3561 720 3628 fieri
735 3568 842 3642 posset
854 3562 967 3644 modo,
983 3564 1038 3625 sed
1054 3562 1095 3624 ita
1108 3562 1226 3642 solum,
1243 3576 1347 3645 quemi

137 3665 312 3735 admodum
331 3683 401 3728 eam
421 3667 608 3752 illuminare=
619 3668 823 3751 percipimus.
1106 3657 1109 3663 ¹

174 3773 287 3836 Stellas
313 3774 416 3842 Moses
442 3775 644 3841 solummodo
660 3787 814 3848 memorat
835 3783 920 3860 quia,
936 3781 1008 3844 licet
1033 3778 1204 3843 maximam
1219 3756 1346 3846 creatio-¹

129 3878 179 3942 nis
201 3881 371 3943 materialis
385 3890 506 3962 partem
522 3883 607 3962 ipsae
628 3886 832 3963 constituant,
847 3889 1009 3950 minimam
1023 3893 1128 3949 tamen
1142 3886 1263 3948 habent
1278 3899 1344 3946 cum

132 3987 245 4050 tellure
265 3997 297 4051 et
318 3989 496 4054 hominihus
514 3991 789 4063 necessitudinem.
804 3994 835 4058 Si
861 4013 899 4057 ea
918 3996 1137 4059 tantummodo
1157 3994 1344 4060 attendimus

135 4112 273 4175 quocum
293 4094 396 4159 lloses
418 4113 568 4178 expresse
588 4099 743 4182 meminit;
767 4101 911 4184 prolecto
934 4120 1015 4186 opus
1036 4104 1130 4170 huius
1156 4089 1344 4183 quarti'diei

171 4325 242 4383 1.,1.
262 4318 292 4380 1³.
311 4341 337 4392 q.
356 4326 435 4384 Lxli⁴
454 4340 493 4380 cr.
513 4327 540 4380 2.
