2970 5002
89 465 155 513 oon
176 462 250 511 roro
270 461 352 528 quae
372 461 391 508 r
414 443 506 509 nollo
526 447 652 522 accepta
676 440 716 503 de
740 457 798 503 sno
819 439 960 520 protulit:
983 452 1084 519 quum
1106 430 1192 500 nihii
1213 434 1308 500 adro

89 564 147 633 tet,
169 557 244 617 setis
267 550 417 626 ostendit,
440 568 475 613 se
495 551 626 613 crcderc
647 567 685 611 es
708 565 802 611 soum
823 552 949 628 pectam
972 562 1037 609 non
1057 546 1101 615 ab
1121 545 1200 608 eliis
1221 560 1309 607 snm·

90 661 206 741 prisse,
230 658 287 722 sed
308 676 327 719 e
347 674 406 722 suo
426 657 553 736 ingenio
575 655 756 736 protulisse.

132 765 251 830 xxvii.
274 766 517 830 conclusionem
529 765 730 845 praecipuum
742 778 838 844 quam
849 779 890 824 es
902 780 931 823 r.
948 765 977 824 l.
992 762 1073 824 den.
1090 768 1183 823 etex
1203 757 1315 821 nostris

91 871 419 938 enimtdrersionibus
439 872 638 946 deducimus,
661 851 785 933 scilieet
795 871 953 934 mnndum
966 887 1032 933 non
1044 887 1120 931 esse
1133 875 1312 943 aeternnm,

92 981 182 1044 sede
203 979 270 1043 lieo
289 985 432 1043 ereetum
451 995 492 1041 ex
512 978 624 1055 nihilo,
644 977 817 1041 articulum
838 977 914 1058 fidei
934 995 1015 1052 esse,
1029 976 1196 1040 Catholici
1207 982 1312 1037 omnes

90 1088 313 1157 consentiunt.
330 1087 529 1152 Atnonnulli
553 1087 631 1150 olim
654 1102 727 1148 cnm
749 1086 810 1151 hoc
829 1086 970 1148 dicerent
983 1085 1061 1148 illud
1077 1083 1311 1162 intelligebant·

96 1195 262 1259 veritatem
283 1195 388 1271 benc,
409 1195 496 1276 qnod
519 1194 658 1257 mundus
681 1192 843 1272 inceperit,
868 1193 935 1256 sols
955 1193 1019 1254 lide
1039 1193 1175 1268 teneri,
1200 1193 1312 1254 demon-

86 1303 227 1368 streties
246 1310 353 1367 entem
363 1301 496 1384 probari
513 1319 575 1364 noe
594 1317 686 1380 posse
703 1310 730 1361 1.
749 1301 792 1362 At
804 1318 900 1376 nunc,
914 1308 1085 1382 postquem
1098 1301 1225 1364 melius
1245 1317 1308 1364 coo·

92 1408 232 1472 sidereis
260 1425 310 1472 res
331 1414 400 1485 est,
427 1407 619 1472 contrarium
640 1406 772 1469 omnino
792 1407 961 1469 dicendum
981 1408 1124 1470 snsdent
1144 1398 1184 1470 et
1204 1408 1309 1469 verite·

93 1516 136 1582 tis
156 1533 247 1582 emor
266 1523 299 1581 et
318 1514 490 1595 Religionis
511 1516 646 1579 tuendus
665 1513 864 1578 desiderium.
886 1516 951 1580 Nec
971 1523 1151 1598 repugnat,
1176 1515 1308 1597 aliquem

95 1622 174 1691 ildei
194 1623 365 1688 nrticulnm
385 1623 633 1686 demonstretive
655 1638 750 1703 posse
769 1623 907 1704 prohsri:
924 1639 998 1684 nem
1009 1623 1165 1703 quamvis
1182 1623 1263 1684 tides
1274 1619 1309 1682 sit

94 1729 323 1813 sperandorum
335 1729 514 1794 substantio
535 1749 654 1807 rerum,
669 1737 886 1811 argumentum
897 1748 958 1792 oon
969 1732 1204 1810 apperentium
1215 1728 1309 1810 (liebr.

92 1836 132 1903 ll.
146 1836 169 1919 l,
194 1845 298 1902 temen
312 1843 417 1918 potest
432 1837 517 1900 lleus
528 1838 691 1901 veritetem
717 1838 912 1916 argumentis
927 1837 1165 1917 philosophicis
1181 1839 1311 1900 demon·

90 1945 255 2010 strobilem
264 1945 445 2010 hominihus
455 1946 606 2026 reeelere,
620 1964 702 2028 quoe
711 1953 916 2027 posteaquem
929 1946 1194 2026 reveleteiuerit‚
1208 1945 1311 2009 evadet

92 2061 127 2116 et
148 2054 217 2134 ipss
238 2052 311 2115 tldei
331 2053 495 2116 articulus.
517 2053 577 2127 Qui
596 2054 900 2118 demonstrationem
923 2056 1049 2132 ignoret
1068 2062 1129 2116 eut
1151 2072 1229 2117 enm
1250 2069 1306 2116 non
1349 2078 1351 2083 ·

90 2158 253 2237 intelligit,
271 2157 398 2222 hebebit
412 2175 470 2238 pro
484 2165 672 2238 ergumento
685 2177 781 2225 noem
803 2160 910 2223 iidem:
927 2161 1071 2242 quivero
1093 2161 1267 2239 cognoscit
1283 2163 1311 2219 et

90 2266 251 2346 intelligit,
273 2267 318 2330 ite
341 2266 469 2330 debebit
492 2268 600 2331 enimo
619 2286 689 2331 esse
711 2276 851 2349 perotus,
874 2277 997 2332 utrem
1020 2269 1109 2330 illem
1132 2278 1226 2334 esset
1247 2285 1309 2330 cre·

90 2377 225 2453 diturus,
250 2376 374 2439 etiamsi
387 2375 473 2439 nulle
489 2376 736 2453 demonstratio,
757 2378 882 2440 nullum
896 2377 1072 2439 humanum
1084 2383 1311 2456 argumentum

90 2483 264 2545 secederet.
288 2482 423 2554 Quidem
444 2482 539 2544 etiem
554 2484 636 2548 inter
649 2481 853 2546 scholasticos
873 2484 994 2546 retione
1008 2484 1215 2564 probarunt,
1229 2500 1312 2546 mun·

91 2589 169 2651 dum
196 2587 369 2668 incepisse:
394 2604 456 2669 que
478 2588 517 2650 de
530 2605 564 2650 re
583 2588 735 2666 legendus
759 2589 887 2652 Toletus
908 2592 939 2652 in
965 2591 1060 2653 Arist.
1091 2591 1196 2672 Phys.
1217 2594 1249 2672 ²,
1263 2586 1312 2651 sed

91 2698 261 2776 proecipue
282 2712 349 2759 rem
372 2695 507 2760 coniecit
529 2696 697 2760 Gerdiliue.
718 2699 745 2757 ³.

132 2803 166 2865 Si
186 2801 270 2864 Deus
285 2817 390 2867 rerum
405 2802 642 2868 universitatem
655 2823 718 2870 non
731 2810 849 2871 creavit
875 2825 914 2870 ex
942 2806 1041 2869 nihilo
1053 2855 1060 2886 ‚
1071 2815 1171 2870 certe
1189 2816 1313 2872 aeterne

93 2916 142 2970 csl
157 2905 261 2973 omnis
274 2907 384 2971 mundi
400 2911 542 2972 materie.
556 2912 589 2972 ln
604 2910 662 2975 hec
678 2913 844 2994 hypothesi
858 2922 963 2977 motus
978 2931 1107 2994 quoque
1120 2923 1174 2976 est
1189 2933 1313 2996 ponen-

92 3012 153 3077 dus
170 3021 328 3093 aeternus,
340 3014 399 3077 nisi
415 3014 571 3093 fingemus
588 2997 717 3081 omnino
728 3035 786 3099 pro
797 3019 937 3094 arbitrio,
951 3018 1120 3082 materiem
1135 3023 1235 3086 illem
1253 3028 1316 3086 totu

90 3122 275 3183 eoternltate
285 3119 453 3200 quievisse,
476 3139 512 3186 ec
529 3123 667 3201 tandem,
684 3133 758 3205 post
785 3132 945 3188 aeternnm
967 3127 1118 3204 quietem,
1151 3138 1314 3204 motume

89 3227 156 3291 lieo
170 3228 340 3308 occepisse.
356 3228 390 3291 ln
403 3235 505 3309 prime
529 3230 707 3311 hypothesi,
721 3247 850 3295 necesse
872 3238 924 3292 est
934 3247 1051 3310 ponere
1066 3214 1238 3299 inlinitum
1254 3253 1315 3298 ne·

89 3348 214 3396 merum
230 3335 488 3412 revolutionum,
505 3335 587 3399 Solis
602 3383 609 3414 ,
624 3353 653 3399 e.
679 3355 708 3416 g.
726 3340 775 3400 rel
791 3338 931 3420 telluris,
961 3338 1021 3400 hoc
1035 3347 1084 3400 est
1110 3341 1317 3406 infinitume

89 3447 236 3502 motuum
252 3441 333 3503 eoric
347 3440 501 3520 genitum;
517 3443 602 3522 quod
618 3451 666 3505 eet
679 3445 805 3508 evidens
819 3443 1003 3507 absurdum.
1023 3445 1102 3507 Nem
1118 3450 1256 3515 seriest
1273 3457 1314 3522 ἐξ

90 3544 367 3619 1-l-igl21-l-.....
385 3564 558 3628 numquam
571 3548 610 3610 ed
623 3548 779 3612 inlinitum
794 3550 953 3630 perveniet
965 3557 1021 3612 eut
1034 3551 1202 3618 infinitum
1216 3559 1321 3638 debit,¹

90 3654 148 3719 ned
160 3670 285 3735 semper
296 3670 476 3732 numerum,
492 3656 543 3718 i.e.
558 3672 713 3718 summum
727 3656 892 3719 unitatum.
909 3656 942 3717 ln
955 3673 1088 3721 numero
1104 3677 1174 3723 non
1188 3667 1254 3728 nisi
1266 3667 1321 3728 eb·

87 3759 183 3823 surde
194 3759 349 3827 inlinitum
369 3760 541 3841 quaeritur,
558 3769 590 3823 et
604 3761 822 3824 tantummodo
837 3760 867 3820 in
883 3761 1002 3822 unitate
1026 3766 1205 3842 reperitur.
1235 3771 1335 3854 infir

86 3860 189 3923 nitran
204 3869 396 3925 ethelmerus
420 3866 495 3924 sunt
522 3859 603 3924 duee
630 3860 774 3922 notiones
795 3865 905 3922 mutuo
931 3871 1123 3944 pugnantes,
1153 3887 1316 3954 querum,

38 4014 40 4019 ’
122 4013 137 4065 t
156 4011 217 4068 llld.
237 4026 261 4067 s.
279 4015 328 4068 Th.
347 4018 369 4070 l.
388 4020 417 4071 P.
436 4029 463 4084 q.
475 4012 569 4071 XLVI.
589 4027 628 4069 er.
647 4014 674 4066 b.
694 4020 720 4068 et
737 4011 889 4066 celetenum
907 4014 934 4068 in
951 4013 979 4067 h.
993 4016 1012 4070 l.

119 4107 258 4165 bibone.
280 4110 368 4167 deleti
386 4114 447 4167 s.l.
469 4115 613 4169 comeum.
633 4112 663 4162 in
680 4111 763 4162 Arirt.
782 4108 814 4161 de
831 4108 906 4177 phgr.
925 4111 956 4161 in
970 4114 1000 4164 i..
1013 4114 1084 4178 vill,
1098 4120 1233 4190 terrem,
1255 4140 1286 4194 q,
1301 4131 1324 4182 r,

120 4207 136 4257 tl
155 4208 233 4260 deret
250 4206 276 4258 d’
289 4220 340 4262 une
359 4208 602 4263 demonstrativo...
622 4205 649 4259 ln
667 4209 746 4272 oper.
765 4205 878 4258 uerdrlll
895 4204 945 4258 lid.
956 4219 1023 4259 rom.
1039 4213 1069 4261 T.
1084 4212 1130 4266 lv.
1146 4229 1175 4280 p.
1192 4219 1262 4278 201,
1284 4225 1326 4284 ῃ,

86 4297 194 4367 l't'nrloit
206 4299 320 4362 olreltt.
342 4303 373 4358 Τ.
394 4303 424 4362 l·
445 4313 472 4370 p,
492 4303 514 4363 l.
527 4300 627 4372 inopie
644 4299 814 4365 dittrrsiene
833 4299 960 4368 leoterius
978 4304 1008 4358 Τ.
1026 4302 1062 4360 Χ.
1083 4322 1111 4373 p.
1131 4309 1198 4368 iit.
