<?xml version="1.0" encoding="UTF-8"?>
<!DOCTYPE html PUBLIC "-//W3C//DTD XHTML 1.0 Transitional//EN"
    "http://www.w3.org/TR/xhtml1/DTD/xhtml1-transitional.dtd">
<html xmlns="http://www.w3.org/1999/xhtml" xml:lang="en" lang="en">
 <head>
  <title>
</title>
<meta http-equiv="Content-Type" content="text/html;charset=utf-8" />
  <meta name='ocr-system' content='tesseract 3.04.00' />
  <meta name='ocr-capabilities' content='ocr_page ocr_carea ocr_par ocr_line ocrx_word'/>
</head>
<body>
  <div class='ocr_page' id='page_1' title='image "./inhistoriamcrea00piangoog_0092.png"; bbox 0 0 2970 5002; ppageno 0'>
   <div class='ocr_carea' id='block_1_1' title="bbox 1332 286 1372 346">
    <p class='ocr_par' dir='ltr' id='par_1_1' title="bbox 1332 286 1372 346">
     <span class='ocr_line' id='line_1_1' title="bbox 1332 286 1372 346; baseline -0.025 0"><span class='ocrx_word' id='word_1_1' title='bbox 1332 286 1372 346; x_wconf 81' lang='lat'><strong>83</strong></span> 
     </span>
    </p>
   </div>
   <div class='ocr_carea' id='block_1_2' title="bbox 97 411 1432 3613">
    <p class='ocr_par' dir='ltr' id='par_1_2' title="bbox 97 411 1432 3613">
     <span class='ocr_line' id='line_1_2' title="bbox 146 411 1369 500; baseline 0.002 -20"><span class='ocrx_word' id='word_1_2' title='bbox 146 411 251 481; x_wconf 89' lang='lat' dir='ltr'><strong>calore</strong></span> <span class='ocrx_word' id='word_1_3' title='bbox 284 415 464 480; x_wconf 87' lang='lat' dir='ltr'><strong>animantis.</strong></span> <span class='ocrx_word' id='word_1_4' title='bbox 493 433 511 475; x_wconf 79' lang='lat' dir='ltr'><strong>n</strong></span> <span class='ocrx_word' id='word_1_5' title='bbox 532 415 658 492; x_wconf 42' lang='lat' dir='ltr'><strong>Similia,</strong></span> <span class='ocrx_word' id='word_1_6' title='bbox 674 415 790 479; x_wconf 90' lang='lat' dir='ltr'><strong>habent</strong></span> <span class='ocrx_word' id='word_1_7' title='bbox 810 415 996 497; x_wconf 81' lang='lat' dir='ltr'><strong>Ambrosius</strong></span> <span class='ocrx_word' id='word_1_8' title='bbox 1019 419 1137 498; x_wconf 90' lang='lat' dir='ltr'><strong>etipse</strong></span> <span class='ocrx_word' id='word_1_9' title='bbox 1168 438 1271 500; x_wconf 86' lang='lat' dir='ltr'><strong>syram</strong></span> <span class='ocrx_word' id='word_1_10' title='bbox 1302 438 1369 482; x_wconf 86' lang='lat' dir='ltr'><strong>ver·</strong></span> 
     </span>
     <span class='ocr_line' id='line_1_3' title="bbox 149 524 1371 607; baseline 0.002 -19"><span class='ocrx_word' id='word_1_11' title='bbox 149 526 272 589; x_wconf 89' lang='lat' dir='ltr'><strong>sionem</strong></span> <span class='ocrx_word' id='word_1_12' title='bbox 296 526 415 600; x_wconf 87' lang='lat' dir='ltr'><strong>citans,</strong></span> <span class='ocrx_word' id='word_1_13' title='bbox 440 524 601 587; x_wconf 81' lang='lat' dir='ltr'>Caesarius</span> <span class='ocrx_word' id='word_1_14' title='bbox 622 525 762 603; x_wconf 80' lang='lat' dir='ltr'><strong>Gregorii</strong></span> <span class='ocrx_word' id='word_1_15' title='bbox 782 526 967 590; x_wconf 82' lang='lat' dir='ltr'><strong>Nazianzeni</strong></span> <span class='ocrx_word' id='word_1_16' title='bbox 988 527 1110 590; x_wconf 85' lang='lat' dir='ltr'><strong>fraler1</strong></span> <span class='ocrx_word' id='word_1_17' title='bbox 1133 582 1140 604; x_wconf 94' lang='lat'><strong>,</strong></span> <span class='ocrx_word' id='word_1_18' title='bbox 1161 539 1192 592; x_wconf 90' lang='lat' dir='ltr'><strong>ot</strong></span> <span class='ocrx_word' id='word_1_19' title='bbox 1215 530 1371 607; x_wconf 80' lang='lat' dir='ltr'><strong>Augusti-</strong></span> 
     </span>
     <span class='ocr_line' id='line_1_4' title="bbox 149 631 1365 716; baseline -0.002 -17"><span class='ocrx_word' id='word_1_20' title='bbox 149 655 211 701; x_wconf 85' lang='lat' dir='ltr'><strong>nus</strong></span> <span class='ocrx_word' id='word_1_21' title='bbox 230 634 258 694; x_wconf 73' lang='lat'><strong>2.</strong></span> <span class='ocrx_word' id='word_1_22' title='bbox 288 637 333 698; x_wconf 89' lang='lat' dir='ltr'><strong>lta</strong></span> <span class='ocrx_word' id='word_1_23' title='bbox 353 632 448 695; x_wconf 81' lang='lat' dir='ltr'><strong>sentit</strong></span> <span class='ocrx_word' id='word_1_24' title='bbox 472 632 565 693; x_wconf 89' lang='lat' dir='ltr'><strong>etiam</strong></span> <span class='ocrx_word' id='word_1_25' title='bbox 586 631 865 695; x_wconf 82' lang='lat' dir='ltr'><strong>Salomon-lambi.</strong></span> <span class='ocrx_word' id='word_1_26' title='bbox 888 634 922 694; x_wconf 91' lang='lat' dir='ltr'><strong>ln</strong></span> <span class='ocrx_word' id='word_1_27' title='bbox 942 635 1001 696; x_wconf 86' lang='lat' dir='ltr'><strong>lrac</strong></span> <span class='ocrx_word' id='word_1_28' title='bbox 1024 639 1235 716; x_wconf 79' lang='lat' dir='ltr'>explicatione</span> <span class='ocrx_word' id='word_1_29' title='bbox 1258 643 1365 699; x_wconf 82' lang='lat' dir='ltr'><strong>motus</strong></span> 
     </span>
     <span class='ocr_line' id='line_1_5' title="bbox 154 739 1366 818; baseline -0.002 -11"><span class='ocrx_word' id='word_1_30' title='bbox 154 747 211 809; x_wconf 91' lang='lat' dir='ltr'><strong>ille</strong></span> <span class='ocrx_word' id='word_1_31' title='bbox 234 744 398 807; x_wconf 90' lang='lat' dir='ltr'><strong>habendus</strong></span> <span class='ocrx_word' id='word_1_32' title='bbox 419 740 479 802; x_wconf 91' lang='lat' dir='ltr'><strong>erit</strong></span> <span class='ocrx_word' id='word_1_33' title='bbox 500 751 654 818; x_wconf 86' lang='lat' dir='ltr'><strong>quantum</strong></span> <span class='ocrx_word' id='word_1_34' title='bbox 678 739 745 800; x_wconf 83' lang='lat' dir='ltr'><strong>fieri</strong></span> <span class='ocrx_word' id='word_1_35' title='bbox 764 746 869 818; x_wconf 88' lang='lat' dir='ltr'><strong>potest</strong></span> <span class='ocrx_word' id='word_1_36' title='bbox 891 741 1104 817; x_wconf 90' lang='lat' dir='ltr'><strong>tenuissimus,</strong></span> <span class='ocrx_word' id='word_1_37' title='bbox 1128 745 1236 806; x_wconf 80' lang='lat' dir='ltr'><strong>fovens</strong></span> <span class='ocrx_word' id='word_1_38' title='bbox 1257 750 1289 804; x_wconf 89' lang='lat' dir='ltr'><strong>et</strong></span> <span class='ocrx_word' id='word_1_39' title='bbox 1312 761 1366 804; x_wconf 88' lang='lat' dir='ltr'><strong>ca-</strong></span> 
     </span>
     <span class='ocr_line' id='line_1_6' title="bbox 156 849 1364 927; baseline -0.002 -11"><span class='ocrx_word' id='word_1_40' title='bbox 156 855 317 916; x_wconf 80' lang='lat' dir='ltr'><strong>lefaciens:</strong></span> <span class='ocrx_word' id='word_1_41' title='bbox 341 849 533 914; x_wconf 79' lang='lat' dir='ltr'><strong>calefaciens</strong></span> <span class='ocrx_word' id='word_1_42' title='bbox 554 855 661 909; x_wconf 91' lang='lat' dir='ltr'><strong>autem</strong></span> <span class='ocrx_word' id='word_1_43' title='bbox 685 854 791 910; x_wconf 91' lang='lat' dir='ltr'><strong>motus</strong></span> <span class='ocrx_word' id='word_1_44' title='bbox 813 865 877 910; x_wconf 90' lang='lat' dir='ltr'><strong>non</strong></span> <span class='ocrx_word' id='word_1_45' title='bbox 901 856 948 910; x_wconf 88' lang='lat' dir='ltr'><strong>est</strong></span> <span class='ocrx_word' id='word_1_46' title='bbox 969 853 1191 927; x_wconf 80' lang='lat' dir='ltr'><strong>translationis,</strong></span> <span class='ocrx_word' id='word_1_47' title='bbox 1215 853 1270 914; x_wconf 92' lang='lat' dir='ltr'><strong>sed</strong></span> <span class='ocrx_word' id='word_1_48' title='bbox 1293 869 1364 914; x_wconf 91' lang='lat' dir='ltr'><strong>mo-</strong></span> 
     </span>
     <span class='ocr_line' id='line_1_7' title="bbox 154 956 1066 1038; baseline -0.003 -15"><span class='ocrx_word' id='word_1_49' title='bbox 154 963 312 1038; x_wconf 84' lang='lat' dir='ltr'><strong>lecularis,</strong></span> <span class='ocrx_word' id='word_1_50' title='bbox 336 956 559 1029; x_wconf 89' lang='lat' dir='ltr'><strong>oscillatorius,</strong></span> <span class='ocrx_word' id='word_1_51' title='bbox 584 964 615 1016; x_wconf 90' lang='lat' dir='ltr'><strong>et</strong></span> <span class='ocrx_word' id='word_1_52' title='bbox 638 973 734 1016; x_wconf 89' lang='lat' dir='ltr'><strong>sensu</strong></span> <span class='ocrx_word' id='word_1_53' title='bbox 756 973 820 1019; x_wconf 90' lang='lat' dir='ltr'><strong>non</strong></span> <span class='ocrx_word' id='word_1_54' title='bbox 842 960 1066 1037; x_wconf 88' lang='lat' dir='ltr'><strong>perceptibilis.</strong></span> 
     </span>
     <span class='ocr_line' id='line_1_8' title="bbox 97 1047 1360 1146; baseline -0.005 -10"><span class='ocrx_word' id='word_1_55' title='bbox 97 1132 99 1136; x_wconf 12' lang='grc' dir='ltr'><em>Α</em></span> <span class='ocrx_word' id='word_1_56' title='bbox 190 1071 227 1132; x_wconf 89' lang='lat' dir='ltr'><strong>R.</strong></span> <span class='ocrx_word' id='word_1_57' title='bbox 251 1047 481 1135; x_wconf 81' lang='lat' dir='ltr'><strong>Nebemanides</strong></span> <span class='ocrx_word' id='word_1_58' title='bbox 501 1063 518 1113; x_wconf 84' lang='grc'>3</span> <span class='ocrx_word' id='word_1_59' title='bbox 536 1065 575 1124; x_wconf 92' lang='lat' dir='ltr'><strong>de</strong></span> <span class='ocrx_word' id='word_1_60' title='bbox 594 1069 667 1124; x_wconf 76' lang='lat' dir='ltr'><strong>aere</strong></span> <span class='ocrx_word' id='word_1_61' title='bbox 687 1063 772 1126; x_wconf 92' lang='lat' dir='ltr'><strong>hunc</strong></span> <span class='ocrx_word' id='word_1_62' title='bbox 796 1065 900 1127; x_wconf 92' lang='lat' dir='ltr'><strong>locum</strong></span> <span class='ocrx_word' id='word_1_63' title='bbox 913 1069 1055 1145; x_wconf 87' lang='lat' dir='ltr'><strong>exponit,</strong></span> <span class='ocrx_word' id='word_1_64' title='bbox 1077 1086 1171 1146; x_wconf 89' lang='lat' dir='ltr'><strong>quem</strong></span> <span class='ocrx_word' id='word_1_65' title='bbox 1193 1069 1264 1131; x_wconf 90' lang='lat' dir='ltr'><strong>ideo</strong></span> <span class='ocrx_word' id='word_1_66' title='bbox 1278 1069 1360 1131; x_wconf 90' lang='lat' dir='ltr'><strong>arbi-</strong></span> 
     </span>
     <span class='ocr_line' id='line_1_9' title="bbox 154 1171 1364 1256; baseline 0.001 -18"><span class='ocrx_word' id='word_1_67' title='bbox 154 1186 256 1238; x_wconf 90' lang='lat' dir='ltr'><strong>tratur</strong></span> <span class='ocrx_word' id='word_1_68' title='bbox 276 1193 349 1236; x_wconf 90' lang='lat' dir='ltr'><strong>cum</strong></span> <span class='ocrx_word' id='word_1_69' title='bbox 370 1176 500 1235; x_wconf 90' lang='lat' dir='ltr'><strong>nomine</strong></span> <span class='ocrx_word' id='word_1_70' title='bbox 521 1171 645 1234; x_wconf 82' lang='lat' dir='ltr'><strong>Elohim</strong></span> <span class='ocrx_word' id='word_1_71' title='bbox 666 1171 824 1249; x_wconf 82' lang='lat' dir='ltr'><strong>coniungi,</strong></span> <span class='ocrx_word' id='word_1_72' title='bbox 843 1180 879 1234; x_wconf 90' lang='lat' dir='ltr'><strong>ut</strong></span> <span class='ocrx_word' id='word_1_73' title='bbox 900 1174 969 1236; x_wconf 89' lang='lat' dir='ltr'><strong>eius</strong></span> <span class='ocrx_word' id='word_1_74' title='bbox 990 1175 1146 1237; x_wconf 80' lang='lat' dir='ltr'><strong>subtilitas</strong></span> <span class='ocrx_word' id='word_1_75' title='bbox 1170 1195 1233 1256; x_wconf 90' lang='lat' dir='ltr'><strong>qua</strong></span> <span class='ocrx_word' id='word_1_76' title='bbox 1252 1179 1364 1241; x_wconf 90' lang='lat' dir='ltr'><strong>ceteris</strong></span> 
     </span>
     <span class='ocr_line' id='line_1_10' title="bbox 150 1279 1361 1358; baseline 0.001 -14"><span class='ocrx_word' id='word_1_77' title='bbox 150 1292 199 1344; x_wconf 90' lang='lat' dir='ltr'><strong>est</strong></span> <span class='ocrx_word' id='word_1_78' title='bbox 220 1283 386 1343; x_wconf 89' lang='lat' dir='ltr'><strong>elementis</strong></span> <span class='ocrx_word' id='word_1_79' title='bbox 409 1281 559 1343; x_wconf 90' lang='lat' dir='ltr'><strong>omnibus</strong></span> <span class='ocrx_word' id='word_1_80' title='bbox 580 1279 746 1358; x_wconf 79' lang='lat' dir='ltr'><strong>superior,</strong></span> <span class='ocrx_word' id='word_1_81' title='bbox 769 1279 935 1354; x_wconf 87' lang='lat' dir='ltr'><strong>indicetur.</strong></span> <span class='ocrx_word' id='word_1_82' title='bbox 958 1281 1026 1343; x_wconf 95' lang='lat' dir='ltr'><strong>Non</strong></span> <span class='ocrx_word' id='word_1_83' title='bbox 1049 1282 1171 1345; x_wconf 91' lang='lat' dir='ltr'><strong>videtur</strong></span> <span class='ocrx_word' id='word_1_84' title='bbox 1193 1291 1297 1345; x_wconf 87' lang='lat' dir='ltr'><strong>tamon</strong></span> <span class='ocrx_word' id='word_1_85' title='bbox 1321 1285 1361 1345; x_wconf 92' lang='lat' dir='ltr'><strong>de</strong></span> 
     </span>
     <span class='ocr_line' id='line_1_11' title="bbox 143 1384 1362 1466; baseline 0.002 -18"><span class='ocrx_word' id='word_1_86' title='bbox 143 1393 218 1449; x_wconf 85' lang='lat' dir='ltr'><strong>a&#39;e&#39;re</strong></span> <span class='ocrx_word' id='word_1_87' title='bbox 239 1388 401 1449; x_wconf 90' lang='lat' dir='ltr'><strong>communi</strong></span> <span class='ocrx_word' id='word_1_88' title='bbox 420 1405 476 1450; x_wconf 93' lang='lat' dir='ltr'><strong>seu</strong></span> <span class='ocrx_word' id='word_1_89' title='bbox 499 1385 773 1466; x_wconf 87' lang='lat' dir='ltr'><strong>athmosphaerico</strong></span> <span class='ocrx_word' id='word_1_90' title='bbox 794 1384 845 1446; x_wconf 91' lang='lat' dir='ltr'><strong>bic</strong></span> <span class='ocrx_word' id='word_1_91' title='bbox 865 1386 1002 1463; x_wconf 79' lang='lat' dir='ltr'><strong>agiznon</strong></span> <span class='ocrx_word' id='word_1_92' title='bbox 1023 1388 1062 1448; x_wconf 91' lang='lat' dir='ltr'><strong>de</strong></span> <span class='ocrx_word' id='word_1_93' title='bbox 1078 1393 1235 1450; x_wconf 80' lang='lat' dir='ltr'><strong>creatione</strong></span> <span class='ocrx_word' id='word_1_94' title='bbox 1256 1406 1362 1451; x_wconf 90' lang='lat' dir='ltr'><strong>sermo</strong></span> 
     </span>
     <span class='ocr_line' id='line_1_12' title="bbox 151 1492 1361 1575; baseline 0.002 -19"><span class='ocrx_word' id='word_1_95' title='bbox 151 1502 200 1556; x_wconf 87' lang='lat' dir='ltr'><strong>est</strong></span> <span class='ocrx_word' id='word_1_96' title='bbox 219 1512 310 1573; x_wconf 88' lang='lat' dir='ltr'><strong>quae,</strong></span> <span class='ocrx_word' id='word_1_97' title='bbox 333 1495 436 1573; x_wconf 88' lang='lat' dir='ltr'><strong>quoad</strong></span> <span class='ocrx_word' id='word_1_98' title='bbox 460 1494 545 1556; x_wconf 88' lang='lat' dir='ltr'><strong>hune</strong></span> <span class='ocrx_word' id='word_1_99' title='bbox 566 1497 670 1555; x_wconf 82' lang='lat' dir='ltr'><strong>aerem</strong></span> <span class='ocrx_word' id='word_1_100' title='bbox 693 1492 820 1574; x_wconf 88' lang='lat' dir='ltr'><strong>(verius</strong></span> <span class='ocrx_word' id='word_1_101' title='bbox 842 1494 948 1572; x_wconf 91' lang='lat' dir='ltr'><strong>quoad</strong></span> <span class='ocrx_word' id='word_1_102' title='bbox 971 1494 1127 1557; x_wconf 89' lang='lat' dir='ltr'><strong>elementa</strong></span> <span class='ocrx_word' id='word_1_103' title='bbox 1156 1496 1223 1557; x_wconf 87' lang='lat' dir='ltr'><strong>eius</strong></span> <span class='ocrx_word' id='word_1_104' title='bbox 1249 1496 1258 1575; x_wconf 78' lang='lat' dir='ltr'><strong>l</strong></span> <span class='ocrx_word' id='word_1_105' title='bbox 1286 1505 1361 1559; x_wconf 89' lang='lat' dir='ltr'><strong>tunc</strong></span> 
     </span>
     <span class='ocr_line' id='line_1_13' title="bbox 144 1600 1362 1697; baseline -0.001 -34"><span class='ocrx_word' id='word_1_106' title='bbox 144 1601 216 1677; x_wconf 87' lang='lat' dir='ltr'><strong>fuit,</strong></span> <span class='ocrx_word' id='word_1_107' title='bbox 238 1601 365 1681; x_wconf 88' lang='lat' dir='ltr'><strong>quaudo</strong></span> <span class='ocrx_word' id='word_1_108' title='bbox 388 1601 507 1664; x_wconf 81' lang='lat' dir='ltr'><strong>creavit</strong></span> <span class='ocrx_word' id='word_1_109' title='bbox 522 1604 603 1664; x_wconf 81' lang='lat' dir='ltr'><strong>Deus</strong></span> <span class='ocrx_word' id='word_1_110' title='bbox 621 1600 742 1663; x_wconf 84' lang='lat' dir='ltr'><strong>Ocelum</strong></span> <span class='ocrx_word' id='word_1_111' title='bbox 763 1608 792 1662; x_wconf 88' lang='lat' dir='ltr'><strong>et</strong></span> <span class='ocrx_word' id='word_1_112' title='bbox 809 1608 938 1697; x_wconf 66' lang='lat' dir='ltr'><strong>terrum</strong></span> <span class='ocrx_word' id='word_1_113' title='bbox 957 1618 1014 1662; x_wconf 90' lang='lat' dir='ltr'><strong>nec</strong></span> <span class='ocrx_word' id='word_1_114' title='bbox 1029 1607 1133 1686; x_wconf 86' lang='lat' dir='ltr'><strong>potest</strong></span> <span class='ocrx_word' id='word_1_115' title='bbox 1148 1601 1291 1679; x_wconf 80' lang='lat' dir='ltr'><strong>intelligi,</strong></span> <span class='ocrx_word' id='word_1_116' title='bbox 1306 1608 1362 1675; x_wconf 72' lang='lat' dir='ltr'><strong>ad7</strong></span> 
     </span>
     <span class='ocr_line' id='line_1_14' title="bbox 144 1707 1362 1788; baseline -0.002 -16"><span class='ocrx_word' id='word_1_117' title='bbox 144 1729 210 1772; x_wconf 89' lang='lat' dir='ltr'><strong>rem</strong></span> <span class='ocrx_word' id='word_1_118' title='bbox 233 1712 318 1772; x_wconf 92' lang='lat' dir='ltr'><strong>hunc</strong></span> <span class='ocrx_word' id='word_1_119' title='bbox 339 1708 400 1770; x_wconf 90' lang='lat' dir='ltr'><strong>iam</strong></span> <span class='ocrx_word' id='word_1_120' title='bbox 424 1715 499 1770; x_wconf 91' lang='lat' dir='ltr'><strong>tunc</strong></span> <span class='ocrx_word' id='word_1_121' title='bbox 519 1709 685 1787; x_wconf 88' lang='lat' dir='ltr'><strong>sphaeram</strong></span> <span class='ocrx_word' id='word_1_122' title='bbox 701 1707 852 1770; x_wconf 81' lang='lat' dir='ltr'><strong>formasse</strong></span> <span class='ocrx_word' id='word_1_123' title='bbox 863 1708 944 1770; x_wconf 89' lang='lat' dir='ltr'><strong>circa</strong></span> <span class='ocrx_word' id='word_1_124' title='bbox 959 1725 1096 1788; x_wconf 89' lang='lat' dir='ltr'><strong>aqueum</strong></span> <span class='ocrx_word' id='word_1_125' title='bbox 1119 1709 1264 1787; x_wconf 87' lang='lat' dir='ltr'><strong>globum,</strong></span> <span class='ocrx_word' id='word_1_126' title='bbox 1280 1726 1362 1788; x_wconf 86' lang='lat' dir='ltr'><strong>quae</strong></span> 
     </span>
     <span class='ocr_line' id='line_1_15' title="bbox 141 1816 1428 1898; baseline -0.002 -18"><span class='ocrx_word' id='word_1_127' title='bbox 141 1819 252 1880; x_wconf 85' lang='lat' dir='ltr'><strong>fuisset</strong></span> <span class='ocrx_word' id='word_1_128' title='bbox 274 1816 534 1895; x_wconf 88' lang='lat' dir='ltr'><strong>athmospbeerae</strong></span> <span class='ocrx_word' id='word_1_129' title='bbox 548 1816 620 1877; x_wconf 89' lang='lat' dir='ltr'><strong>huic</strong></span> <span class='ocrx_word' id='word_1_130' title='bbox 633 1824 760 1898; x_wconf 88' lang='lat' dir='ltr'><strong>nostrae</strong></span> <span class='ocrx_word' id='word_1_131' title='bbox 775 1816 898 1894; x_wconf 89' lang='lat' dir='ltr'><strong>similis,</strong></span> <span class='ocrx_word' id='word_1_132' title='bbox 922 1823 996 1896; x_wconf 91' lang='lat' dir='ltr'><strong>apta</strong></span> <span class='ocrx_word' id='word_1_133' title='bbox 1016 1816 1055 1877; x_wconf 88' lang='lat' dir='ltr'><strong>ad</strong></span> <span class='ocrx_word' id='word_1_134' title='bbox 1071 1817 1285 1880; x_wconf 86' lang='lat' dir='ltr'><strong>dividendum</strong></span> <span class='ocrx_word' id='word_1_135' title='bbox 1306 1819 1360 1878; x_wconf 91' lang='lat' dir='ltr'><strong>in-</strong></span> <span class='ocrx_word' id='word_1_136' title='bbox 1425 1844 1428 1850; x_wconf 92' lang='lat'>·</span> 
     </span>
     <span class='ocr_line' id='line_1_16' title="bbox 144 1921 1363 2002; baseline 0.002 -18"><span class='ocrx_word' id='word_1_137' title='bbox 144 1933 309 2002; x_wconf 87' lang='lat' dir='ltr'><strong>teraquas</strong></span> <span class='ocrx_word' id='word_1_138' title='bbox 324 1929 356 1982; x_wconf 92' lang='lat' dir='ltr'><strong>et</strong></span> <span class='ocrx_word' id='word_1_139' title='bbox 369 1938 477 2002; x_wconf 89' lang='lat' dir='ltr'><strong>aquas,</strong></span> <span class='ocrx_word' id='word_1_140' title='bbox 492 1937 591 2002; x_wconf 56' lang='lat' dir='ltr'><strong>&gt;quam</strong></span> <span class='ocrx_word' id='word_1_141' title='bbox 618 1921 744 1984; x_wconf 91' lang='lat' dir='ltr'><strong>nonnisi</strong></span> <span class='ocrx_word' id='word_1_142' title='bbox 761 1923 900 1991; x_wconf 90' lang='lat' dir='ltr'><strong>secundo</strong></span> <span class='ocrx_word' id='word_1_143' title='bbox 924 1925 975 1985; x_wconf 91' lang='lat' dir='ltr'><strong>die</strong></span> <span class='ocrx_word' id='word_1_144' title='bbox 997 1924 1111 1986; x_wconf 71' lang='lat' dir='ltr'><strong>tactam</strong></span> <span class='ocrx_word' id='word_1_145' title='bbox 1132 1925 1224 1986; x_wconf 89' lang='lat' dir='ltr'><strong>docet</strong></span> <span class='ocrx_word' id='word_1_146' title='bbox 1245 1924 1363 1994; x_wconf 61' lang='lat' dir='ltr'><strong>lllosesa</strong></span> 
     </span>
     <span class='ocr_line' id='line_1_17' title="bbox 185 2029 1356 2109; baseline 0.002 -17"><span class='ocrx_word' id='word_1_147' title='bbox 185 2031 292 2092; x_wconf 88' lang='lat' dir='ltr'><strong>Eritne</strong></span> <span class='ocrx_word' id='word_1_148' title='bbox 313 2030 447 2109; x_wconf 88' lang='lat' dir='ltr'><strong>Spiritus</strong></span> <span class='ocrx_word' id='word_1_149' title='bbox 470 2029 537 2102; x_wconf 87' lang='lat' dir='ltr'><strong>Dei,</strong></span> <span class='ocrx_word' id='word_1_150' title='bbox 561 2029 687 2090; x_wconf 87' lang='lat' dir='ltr'><strong>litterali</strong></span> <span class='ocrx_word' id='word_1_151' title='bbox 706 2047 811 2103; x_wconf 91' lang='lat' dir='ltr'><strong>sensu,</strong></span> <span class='ocrx_word' id='word_1_152' title='bbox 836 2030 1011 2092; x_wconf 87' lang='lat' dir='ltr'><strong>substantia</strong></span> <span class='ocrx_word' id='word_1_153' title='bbox 1033 2032 1085 2092; x_wconf 85' lang='lat' dir='ltr'><strong>illa</strong></span> <span class='ocrx_word' id='word_1_154' title='bbox 1100 2034 1171 2093; x_wconf 72' lang='lat' dir='ltr'><strong>abre</strong></span> <span class='ocrx_word' id='word_1_155' title='bbox 1193 2033 1356 2094; x_wconf 92' lang='lat' dir='ltr'><strong>communi</strong></span> 
     </span>
     <span class='ocr_line' id='line_1_18' title="bbox 140 2136 1359 2216; baseline 0.002 -19"><span class='ocrx_word' id='word_1_156' title='bbox 140 2137 230 2198; x_wconf 88' lang='lat' dir='ltr'><strong>valde</strong></span> <span class='ocrx_word' id='word_1_157' title='bbox 252 2136 409 2208; x_wconf 87' lang='lat' dir='ltr'><strong>subtilior,</strong></span> <span class='ocrx_word' id='word_1_158' title='bbox 423 2136 651 2208; x_wconf 71' lang='lat' dir='ltr'><strong>annosissima,</strong></span> <span class='ocrx_word' id='word_1_159' title='bbox 668 2152 803 2213; x_wconf 91' lang='lat' dir='ltr'><strong>corpora</strong></span> <span class='ocrx_word' id='word_1_160' title='bbox 824 2137 929 2198; x_wconf 89' lang='lat' dir='ltr'><strong>omnia</strong></span> <span class='ocrx_word' id='word_1_161' title='bbox 951 2145 1132 2216; x_wconf 87' lang='lat' dir='ltr'><strong>penetrans,</strong></span> <span class='ocrx_word' id='word_1_162' title='bbox 1155 2138 1359 2200; x_wconf 86' lang='lat' dir='ltr'><strong>calefaciendi</strong></span> 
     </span>
     <span class='ocr_line' id='line_1_19' title="bbox 138 2241 1359 2324; baseline 0 -18"><span class='ocrx_word' id='word_1_163' title='bbox 138 2255 234 2324; x_wconf 89' lang='lat' dir='ltr'><strong>atque</strong></span> <span class='ocrx_word' id='word_1_164' title='bbox 254 2243 361 2322; x_wconf 89' lang='lat' dir='ltr'><strong>aliquo</strong></span> <span class='ocrx_word' id='word_1_165' title='bbox 383 2243 478 2305; x_wconf 92' lang='lat' dir='ltr'><strong>modo</strong></span> <span class='ocrx_word' id='word_1_166' title='bbox 511 2241 722 2317; x_wconf 83' lang='lat' dir='ltr'><strong>foecundandi</strong></span> <span class='ocrx_word' id='word_1_167' title='bbox 744 2245 774 2302; x_wconf 91' lang='lat' dir='ltr'><strong>vi</strong></span> <span class='ocrx_word' id='word_1_168' title='bbox 795 2243 957 2321; x_wconf 88' lang='lat' dir='ltr'><strong>praedita,</strong></span> <span class='ocrx_word' id='word_1_169' title='bbox 983 2246 1252 2323; x_wconf 87' lang='lat' dir='ltr'><strong>quemadmodum</strong></span> <span class='ocrx_word' id='word_1_170' title='bbox 1276 2245 1359 2307; x_wconf 87' lang='lat' dir='ltr'><strong>Gali·</strong></span> 
     </span>
     <span class='ocr_line' id='line_1_20' title="bbox 140 2349 1358 2431; baseline 0.002 -19"><span class='ocrx_word' id='word_1_171' title='bbox 140 2358 210 2420; x_wconf 82' lang='lat' dir='ltr'><strong>laeo</strong></span> <span class='ocrx_word' id='word_1_172' title='bbox 225 2354 243 2402; x_wconf 73' lang='lat' dir='ltr'><strong>l</strong></span> <span class='ocrx_word' id='word_1_173' title='bbox 259 2356 362 2415; x_wconf 90' lang='lat' dir='ltr'><strong>visum</strong></span> <span class='ocrx_word' id='word_1_174' title='bbox 396 2355 459 2411; x_wconf 77' lang='lat' dir='ltr'><strong>esti</strong></span> <span class='ocrx_word' id='word_1_175' title='bbox 478 2349 602 2431; x_wconf 84' lang='lat' dir='ltr'><strong>Aliquid</strong></span> <span class='ocrx_word' id='word_1_176' title='bbox 632 2350 814 2412; x_wconf 87' lang='lat' dir='ltr'><strong>huiusmodi</strong></span> <span class='ocrx_word' id='word_1_177' title='bbox 850 2354 1030 2430; x_wconf 90' lang='lat' dir='ltr'><strong>suspicatus</strong></span> <span class='ocrx_word' id='word_1_178' title='bbox 1054 2353 1176 2414; x_wconf 88' lang='lat' dir='ltr'><strong>videtur</strong></span> <span class='ocrx_word' id='word_1_179' title='bbox 1203 2353 1358 2430; x_wconf 81' lang='lat' dir='ltr'><strong>Augusti-</strong></span> 
     </span>
     <span class='ocr_line' id='line_1_21' title="bbox 136 2442 1432 2551; baseline -0.002 -26"><span class='ocrx_word' id='word_1_180' title='bbox 136 2482 198 2526; x_wconf 92' lang='lat' dir='ltr'><strong>nus</strong></span> <span class='ocrx_word' id='word_1_181' title='bbox 227 2466 304 2526; x_wconf 93' lang='lat' dir='ltr'><strong>dum</strong></span> <span class='ocrx_word' id='word_1_182' title='bbox 324 2460 449 2539; x_wconf 86' lang='lat' dir='ltr'><strong>scripsit</strong></span> <span class='ocrx_word' id='word_1_183' title='bbox 469 2463 512 2533; x_wconf 67' lang='lat' dir='ltr'><strong>lt:</strong></span> <span class='ocrx_word' id='word_1_184' title='bbox 537 2460 677 2549; x_wconf 79' lang='lat' dir='ltr'><strong>«Potest</strong></span> <span class='ocrx_word' id='word_1_185' title='bbox 698 2459 801 2551; x_wconf 88' lang='lat' dir='ltr'><strong>taliter</strong></span> <span class='ocrx_word' id='word_1_186' title='bbox 822 2458 1020 2537; x_wconf 79' lang='lat' dir='ltr'><strong>intelligi,ut</strong></span> <span class='ocrx_word' id='word_1_187' title='bbox 1042 2461 1196 2540; x_wconf 85' lang='lat' dir='ltr'><strong>Spiritum</strong></span> <span class='ocrx_word' id='word_1_188' title='bbox 1216 2461 1283 2537; x_wconf 84' lang='lat' dir='ltr'><strong>Dei,</strong></span> <span class='ocrx_word' id='word_1_189' title='bbox 1309 2460 1358 2523; x_wconf 89' lang='lat' dir='ltr'><strong>vi·</strong></span> <span class='ocrx_word' id='word_1_190' title='bbox 1420 2442 1432 2499; x_wconf 64' lang='grc' dir='ltr'><strong>Ῐ</strong></span> 
     </span>
     <span class='ocr_line' id='line_1_22' title="bbox 140 2553 1355 2655; baseline 0.001 -26"><span class='ocrx_word' id='word_1_191' title='bbox 140 2593 158 2634; x_wconf 75' lang='grc' dir='ltr'><strong>ε(</strong></span> <span class='ocrx_word' id='word_1_192' title='bbox 182 2571 278 2633; x_wconf 92' lang='lat' dir='ltr'><strong>talem</strong></span> <span class='ocrx_word' id='word_1_193' title='bbox 306 2578 482 2633; x_wconf 89' lang='lat' dir='ltr'><strong>creaturam</strong></span> <span class='ocrx_word' id='word_1_194' title='bbox 508 2585 575 2655; x_wconf 19' lang='lat' dir='ltr'><strong>*qua</strong></span> <span class='ocrx_word' id='word_1_195' title='bbox 600 2566 772 2642; x_wconf 52' lang='lat' dir='ltr'><strong>universus,</strong></span> <span class='ocrx_word' id='word_1_196' title='bbox 790 2567 848 2629; x_wconf 87' lang='lat' dir='ltr'><strong>iste</strong></span> <span class='ocrx_word' id='word_1_197' title='bbox 874 2566 1006 2630; x_wconf 88' lang='lat' dir='ltr'><strong>visibilis</strong></span> <span class='ocrx_word' id='word_1_198' title='bbox 1030 2553 1170 2631; x_wconf 86' lang='lat' dir='ltr'><strong>mundus</strong></span> <span class='ocrx_word' id='word_1_199' title='bbox 1203 2576 1299 2649; x_wconf 88' lang='lat' dir='ltr'><strong>atque</strong></span> <span class='ocrx_word' id='word_1_200' title='bbox 1319 2586 1355 2631; x_wconf 88' lang='lat' dir='ltr'><strong>o-</strong></span> 
     </span>
     <span class='ocr_line' id='line_1_23' title="bbox 141 2675 1395 2756; baseline 0 -19"><span class='ocrx_word' id='word_1_201' title='bbox 141 2703 156 2738; x_wconf 89' lang='lat'>«</span> <span class='ocrx_word' id='word_1_202' title='bbox 180 2679 265 2740; x_wconf 93' lang='lat' dir='ltr'><strong>mnia</strong></span> <span class='ocrx_word' id='word_1_203' title='bbox 286 2693 437 2756; x_wconf 89' lang='lat' dir='ltr'><strong>corporee</strong></span> <span class='ocrx_word' id='word_1_204' title='bbox 461 2676 662 2737; x_wconf 88' lang='lat' dir='ltr'><strong>continentur</strong></span> <span class='ocrx_word' id='word_1_205' title='bbox 688 2681 720 2735; x_wconf 92' lang='lat' dir='ltr'><strong>et</strong></span> <span class='ocrx_word' id='word_1_206' title='bbox 746 2682 924 2754; x_wconf 92' lang='lat' dir='ltr'><strong>moventur,</strong></span> <span class='ocrx_word' id='word_1_207' title='bbox 954 2675 1180 2755; x_wconf 85' lang='lat' dir='ltr'><strong>intelligamus,</strong></span> <span class='ocrx_word' id='word_1_208' title='bbox 1202 2677 1253 2738; x_wconf 92' lang='lat' dir='ltr'><strong>cui</strong></span> <span class='ocrx_word' id='word_1_209' title='bbox 1272 2677 1356 2738; x_wconf 89' lang='lat' dir='ltr'><strong>Deus</strong></span> <span class='ocrx_word' id='word_1_210' title='bbox 1392 2746 1395 2754; x_wconf 46' lang='grc'>,</span> 
     </span>
     <span class='ocr_line' id='line_1_24' title="bbox 136 2764 1355 2865; baseline -0.001 -19"><span class='ocrx_word' id='word_1_211' title='bbox 136 2809 156 2848; x_wconf 90' lang='grc'>«</span> <span class='ocrx_word' id='word_1_212' title='bbox 180 2786 383 2865; x_wconf 89' lang='lat' dir='ltr'><strong>omnipotens</strong></span> <span class='ocrx_word' id='word_1_213' title='bbox 404 2784 515 2844; x_wconf 89' lang='lat' dir='ltr'><strong>tribuit</strong></span> <span class='ocrx_word' id='word_1_214' title='bbox 536 2783 596 2846; x_wconf 91' lang='lat' dir='ltr'><strong>vim</strong></span> <span class='ocrx_word' id='word_1_215' title='bbox 620 2783 789 2861; x_wconf 87' lang='lat' dir='ltr'><strong>quamdam</strong></span> <span class='ocrx_word' id='word_1_216' title='bbox 817 2782 884 2844; x_wconf 87' lang='lat' dir='ltr'><strong>sibi</strong></span> <span class='ocrx_word' id='word_1_217' title='bbox 911 2784 1064 2846; x_wconf 90' lang='lat' dir='ltr'><strong>serviendi</strong></span> <span class='ocrx_word' id='word_1_218' title='bbox 1091 2786 1129 2846; x_wconf 88' lang='lat' dir='ltr'><strong>ad</strong></span> <span class='ocrx_word' id='word_1_219' title='bbox 1158 2764 1355 2864; x_wconf 90' lang='lat' dir='ltr'><strong>operandum</strong></span> 
     </span>
     <span class='ocr_line' id='line_1_25' title="bbox 134 2870 1353 2972; baseline -0.001 -18"><span class='ocrx_word' id='word_1_220' title='bbox 134 2915 154 2957; x_wconf 78' lang='lat' dir='ltr'><strong>a</strong></span> <span class='ocrx_word' id='word_1_221' title='bbox 176 2898 209 2956; x_wconf 90' lang='lat' dir='ltr'><strong>in</strong></span> <span class='ocrx_word' id='word_1_222' title='bbox 231 2896 269 2955; x_wconf 91' lang='lat' dir='ltr'><strong>iis</strong></span> <span class='ocrx_word' id='word_1_223' title='bbox 290 2909 372 2972; x_wconf 89' lang='lat' dir='ltr'><strong>quae</strong></span> <span class='ocrx_word' id='word_1_224' title='bbox 392 2891 579 2968; x_wconf 66' lang='lat' dir='ltr'><strong>gignuntuu·</strong></span> <span class='ocrx_word' id='word_1_225' title='bbox 597 2889 651 2969; x_wconf 91' lang='lat' dir='ltr'><strong>qui</strong></span> <span class='ocrx_word' id='word_1_226' title='bbox 671 2890 817 2968; x_wconf 90' lang='lat' dir='ltr'><strong>Spiritus,</strong></span> <span class='ocrx_word' id='word_1_227' title='bbox 846 2906 918 2953; x_wconf 93' lang='lat' dir='ltr'><strong>cum</strong></span> <span class='ocrx_word' id='word_1_228' title='bbox 940 2892 981 2952; x_wconf 90' lang='lat' dir='ltr'><strong>sit</strong></span> <span class='ocrx_word' id='word_1_229' title='bbox 1001 2893 1089 2954; x_wconf 91' lang='lat' dir='ltr'><strong>omni</strong></span> <span class='ocrx_word' id='word_1_230' title='bbox 1103 2870 1353 2970; x_wconf 87' lang='lat' dir='ltr'><strong>corporeaethe·</strong></span> 
     </span>
     <span class='ocr_line' id='line_1_26' title="bbox 135 2985 1353 3076; baseline -0.002 -15"><span class='ocrx_word' id='word_1_231' title='bbox 135 3023 154 3063; x_wconf 89' lang='lat'>«</span> <span class='ocrx_word' id='word_1_232' title='bbox 178 3019 232 3064; x_wconf 91' lang='lat' dir='ltr'><strong>reo</strong></span> <span class='ocrx_word' id='word_1_233' title='bbox 256 2985 388 3071; x_wconf 91' lang='lat' dir='ltr'><strong>melior,</strong></span> <span class='ocrx_word' id='word_1_234' title='bbox 412 2999 484 3076; x_wconf 88' lang='lat' dir='ltr'><strong>quia</strong></span> <span class='ocrx_word' id='word_1_235' title='bbox 514 3014 642 3076; x_wconf 86' lang='lat' dir='ltr'><strong>omnem</strong></span> <span class='ocrx_word' id='word_1_236' title='bbox 664 2997 821 3060; x_wconf 84' lang='lat' dir='ltr'><strong>visibilem</strong></span> <span class='ocrx_word' id='word_1_237' title='bbox 845 3004 1020 3060; x_wconf 85' lang='lat' dir='ltr'><strong>creaturam</strong></span> <span class='ocrx_word' id='word_1_238' title='bbox 1052 3000 1155 3062; x_wconf 92' lang='lat' dir='ltr'><strong>omnis</strong></span> <span class='ocrx_word' id='word_1_239' title='bbox 1175 2999 1353 3076; x_wconf 21' lang='lat' dir='ltr'><strong>,invisibilis</strong></span> 
     </span>
     <span class='ocr_line' id='line_1_27' title="bbox 134 3103 1351 3181; baseline -0.003 -12"><span class='ocrx_word' id='word_1_240' title='bbox 134 3128 154 3169; x_wconf 92' lang='lat'>«</span> <span class='ocrx_word' id='word_1_241' title='bbox 175 3115 316 3168; x_wconf 85' lang='lat' dir='ltr'><strong>creature</strong></span> <span class='ocrx_word' id='word_1_242' title='bbox 337 3104 510 3181; x_wconf 86' lang='lat' dir='ltr'><strong>antecedit,</strong></span> <span class='ocrx_word' id='word_1_243' title='bbox 528 3121 591 3166; x_wconf 94' lang='lat' dir='ltr'><strong>non</strong></span> <span class='ocrx_word' id='word_1_244' title='bbox 612 3103 748 3164; x_wconf 92' lang='lat' dir='ltr'><strong>absurde</strong></span> <span class='ocrx_word' id='word_1_245' title='bbox 762 3103 902 3181; x_wconf 85' lang='lat' dir='ltr'><strong>Spiritus</strong></span> <span class='ocrx_word' id='word_1_246' title='bbox 926 3106 984 3164; x_wconf 86' lang='lat' dir='ltr'><strong>Dei</strong></span> <span class='ocrx_word' id='word_1_247' title='bbox 996 3105 1119 3167; x_wconf 88' lang='lat' dir='ltr'><strong>dicitur.</strong></span> <span class='ocrx_word' id='word_1_248' title='bbox 1138 3125 1155 3164; x_wconf 72' lang='lat' dir='ltr'><strong>a</strong></span> <span class='ocrx_word' id='word_1_249' title='bbox 1172 3104 1351 3167; x_wconf 73' lang='lat' dir='ltr'><strong>retavtuse</strong></span> 
     </span>
     <span class='ocr_line' id='line_1_28' title="bbox 131 3194 1349 3288; baseline -0.002 -11"><span class='ocrx_word' id='word_1_250' title='bbox 131 3217 167 3277; x_wconf 91' lang='lat' dir='ltr'><strong>in</strong></span> <span class='ocrx_word' id='word_1_251' title='bbox 192 3214 269 3277; x_wconf 87' lang='lat' dir='ltr'><strong>haec</strong></span> <span class='ocrx_word' id='word_1_252' title='bbox 290 3194 392 3274; x_wconf 82' lang='lat' dir='ltr'><strong>verba</strong></span> <span class='ocrx_word' id='word_1_253' title='bbox 413 3213 551 3273; x_wconf 90' lang='lat' dir='ltr'><strong>adnotat:</strong></span> <span class='ocrx_word' id='word_1_254' title='bbox 578 3227 596 3270; x_wconf 73' lang='lat' dir='ltr'><strong>c&lt;</strong></span> <span class='ocrx_word' id='word_1_255' title='bbox 618 3210 702 3288; x_wconf 81' lang='lat' dir='ltr'><strong>Ergo</strong></span> <span class='ocrx_word' id='word_1_256' title='bbox 731 3209 918 3271; x_wconf 88' lang='lat' dir='ltr'><strong>invisibilem</strong></span> <span class='ocrx_word' id='word_1_257' title='bbox 939 3210 1113 3288; x_wconf 56' lang='lat' dir='ltr'><strong>,hurrefacit</strong></span> <span class='ocrx_word' id='word_1_258' title='bbox 1137 3219 1169 3272; x_wconf 89' lang='lat' dir='ltr'><strong>et</strong></span> <span class='ocrx_word' id='word_1_259' title='bbox 1194 3220 1349 3288; x_wconf 87' lang='lat' dir='ltr'><strong>creatum,</strong></span> 
     </span>
     <span class='ocr_line' id='line_1_29' title="bbox 137 3316 1352 3400; baseline 0 -21"><span class='ocrx_word' id='word_1_260' title='bbox 137 3343 153 3381; x_wconf 90' lang='grc'>«</span> <span class='ocrx_word' id='word_1_261' title='bbox 177 3326 255 3400; x_wconf 92' lang='lat' dir='ltr'><strong>puto</strong></span> <span class='ocrx_word' id='word_1_262' title='bbox 280 3319 375 3381; x_wconf 89' lang='lat' dir='ltr'><strong>etiam</strong></span> <span class='ocrx_word' id='word_1_263' title='bbox 396 3320 590 3395; x_wconf 84' lang='lat' dir='ltr'><strong>aethereum,</strong></span> <span class='ocrx_word' id='word_1_264' title='bbox 612 3318 667 3378; x_wconf 93' lang='lat' dir='ltr'><strong>sed</strong></span> <span class='ocrx_word' id='word_1_265' title='bbox 689 3317 720 3378; x_wconf 91' lang='lat' dir='ltr'><strong>in</strong></span> <span class='ocrx_word' id='word_1_266' title='bbox 742 3333 780 3378; x_wconf 94' lang='lat' dir='ltr'><strong>eo</strong></span> <span class='ocrx_word' id='word_1_267' title='bbox 801 3331 915 3392; x_wconf 81' lang='lat' dir='ltr'><strong>genere</strong></span> <span class='ocrx_word' id='word_1_268' title='bbox 938 3316 1255 3395; x_wconf 84' lang='lat' dir='ltr'><strong>praestantissimum,</strong></span> <span class='ocrx_word' id='word_1_269' title='bbox 1281 3321 1352 3389; x_wconf 70' lang='lat' dir='ltr'><strong>uti-¹</strong></span> 
     </span>
     <span class='ocr_line' id='line_1_30' title="bbox 133 3421 1348 3508; baseline 0 -22"><span class='ocrx_word' id='word_1_270' title='bbox 133 3448 154 3490; x_wconf 72' lang='grc' dir='ltr'><strong>ι(</strong></span> <span class='ocrx_word' id='word_1_271' title='bbox 177 3422 749 3508; x_wconf 65' lang='lat' dir='ltr'><strong>quecorporaum.»chrysostomus</strong></span> <span class='ocrx_word' id='word_1_272' title='bbox 777 3421 851 3483; x_wconf 90' lang='lat' dir='ltr'><strong>huic</strong></span> <span class='ocrx_word' id='word_1_273' title='bbox 875 3422 1124 3502; x_wconf 87' lang='lat' dir='ltr'><strong>interpretationi</strong></span> <span class='ocrx_word' id='word_1_274' title='bbox 1148 3423 1254 3502; x_wconf 87' lang='lat' dir='ltr'><strong>aliquo</strong></span> <span class='ocrx_word' id='word_1_275' title='bbox 1280 3442 1348 3486; x_wconf 91' lang='lat' dir='ltr'><strong>mo·</strong></span> 
     </span>
     <span class='ocr_line' id='line_1_31' title="bbox 136 3513 1348 3613; baseline -0.002 -15"><span class='ocrx_word' id='word_1_276' title='bbox 136 3536 182 3598; x_wconf 90' lang='lat' dir='ltr'><strong>do</strong></span> <span class='ocrx_word' id='word_1_277' title='bbox 204 3534 374 3598; x_wconf 87' lang='lat' dir='ltr'><strong>subscribit</strong></span> <span class='ocrx_word' id='word_1_278' title='bbox 393 3534 482 3607; x_wconf 84' lang='lat' dir='ltr'><strong>Hom.</strong></span> <span class='ocrx_word' id='word_1_279' title='bbox 504 3531 554 3592; x_wconf 93' lang='lat' dir='ltr'><strong>lll.</strong></span> <span class='ocrx_word' id='word_1_280' title='bbox 578 3530 611 3603; x_wconf 56' lang='lat' dir='ltr'><strong>‚iu</strong></span> <span class='ocrx_word' id='word_1_281' title='bbox 634 3530 707 3591; x_wconf 85' lang='lat' dir='ltr'><strong>Gen.</strong></span> <span class='ocrx_word' id='word_1_282' title='bbox 729 3530 844 3603; x_wconf 50' lang='lat' dir='ltr'><strong>¹Censet</strong></span> <span class='ocrx_word' id='word_1_283' title='bbox 857 3530 941 3590; x_wconf 91' lang='lat' dir='ltr'><strong>enim</strong></span> <span class='ocrx_word' id='word_1_284' title='bbox 954 3513 1083 3592; x_wconf 85' lang='lat' dir='ltr'><strong>iudicari</strong></span> <span class='ocrx_word' id='word_1_285' title='bbox 1096 3531 1348 3613; x_wconf 77' lang='lat' dir='ltr'><strong>vitutemquont-</strong></span> 
     </span>
    </p>
   </div>
   <div class='ocr_carea' id='block_1_3' title="bbox 122 3719 1347 4356">
    <p class='ocr_par' dir='ltr' id='par_1_3' title="bbox 164 3719 326 3775">
     <span class='ocr_line' id='line_1_32' title="bbox 164 3719 326 3775; baseline 0.025 -5"><span class='ocrx_word' id='word_1_286' title='bbox 164 3722 181 3770; x_wconf 93' lang='lat'><strong>1</strong></span> <span class='ocrx_word' id='word_1_287' title='bbox 203 3719 280 3772; x_wconf 83' lang='lat' dir='ltr'><strong>Diui.</strong></span> <span class='ocrx_word' id='word_1_288' title='bbox 301 3722 326 3775; x_wconf 72' lang='lat' dir='ltr'><strong>l.</strong></span> 
     </span>
    </p>

    <p class='ocr_par' dir='ltr' id='par_1_4' title="bbox 169 3809 643 3871">
     <span class='ocr_line' id='line_1_33' title="bbox 169 3809 643 3871; baseline 0.004 -4"><span class='ocrx_word' id='word_1_289' title='bbox 169 3816 246 3868; x_wconf 81' lang='lat' dir='ltr'><strong>2De</strong></span> <span class='ocrx_word' id='word_1_290' title='bbox 267 3816 334 3868; x_wconf 85' lang='lat' dir='ltr'><strong>Gen.</strong></span> <span class='ocrx_word' id='word_1_291' title='bbox 353 3809 389 3867; x_wconf 80' lang='lat' dir='ltr'><strong>od</strong></span> <span class='ocrx_word' id='word_1_292' title='bbox 407 3815 449 3869; x_wconf 80' lang='lat' dir='ltr'><strong>lu.</strong></span> <span class='ocrx_word' id='word_1_293' title='bbox 468 3821 498 3871; x_wconf 91' lang='lat' dir='ltr'><strong>L.</strong></span> <span class='ocrx_word' id='word_1_294' title='bbox 518 3823 538 3871; x_wconf 93' lang='lat' dir='ltr'><strong>l.</strong></span> <span class='ocrx_word' id='word_1_295' title='bbox 558 3833 580 3871; x_wconf 89' lang='lat' dir='ltr'><strong>c.</strong></span> <span class='ocrx_word' id='word_1_296' title='bbox 601 3817 643 3869; x_wconf 82' lang='lat' dir='ltr'><strong>to.</strong></span> 
     </span>
    </p>

    <p class='ocr_par' dir='ltr' id='par_1_5' title="bbox 166 3913 1295 3983">
     <span class='ocr_line' id='line_1_34' title="bbox 166 3913 1295 3983; baseline 0 -18"><span class='ocrx_word' id='word_1_297' title='bbox 166 3914 184 3983; x_wconf 80' lang='grc'>3</span> <span class='ocrx_word' id='word_1_298' title='bbox 202 3913 281 3980; x_wconf 74' lang='lat' dir='ltr'><strong>Apud</strong></span> <span class='ocrx_word' id='word_1_299' title='bbox 299 3916 410 3977; x_wconf 83' lang='lat' dir='ltr'><strong>Fagium</strong></span> <span class='ocrx_word' id='word_1_300' title='bbox 428 3915 456 3964; x_wconf 91' lang='lat' dir='ltr'><strong>in</strong></span> <span class='ocrx_word' id='word_1_301' title='bbox 475 3915 502 3965; x_wconf 92' lang='lat' dir='ltr'><strong>b.</strong></span> <span class='ocrx_word' id='word_1_302' title='bbox 523 3917 542 3967; x_wconf 93' lang='lat' dir='ltr'><strong>l.</strong></span> <span class='ocrx_word' id='word_1_303' title='bbox 1293 3959 1295 3965; x_wconf 94' lang='lat'><em>.</em></span> 
     </span>
    </p>

    <p class='ocr_par' dir='ltr' id='par_1_6' title="bbox 122 4004 1347 4172">
     <span class='ocr_line' id='line_1_35' title="bbox 162 4004 1347 4077; baseline 0.001 -18"><span class='ocrx_word' id='word_1_304' title='bbox 162 4011 235 4059; x_wconf 72' lang='lat' dir='ltr'><strong>din</strong></span> <span class='ocrx_word' id='word_1_305' title='bbox 251 4009 338 4075; x_wconf 79' lang='lat' dir='ltr'><strong>Epist.</strong></span> <span class='ocrx_word' id='word_1_306' title='bbox 356 4008 392 4057; x_wconf 85' lang='lat' dir='ltr'><strong>od</strong></span> <span class='ocrx_word' id='word_1_307' title='bbox 411 4008 532 4075; x_wconf 78' lang='lat' dir='ltr'><strong>drcbtep.</strong></span> <span class='ocrx_word' id='word_1_308' title='bbox 554 4011 630 4061; x_wconf 74' lang='lat' dir='ltr'><strong>Diui.</strong></span> <span class='ocrx_word' id='word_1_309' title='bbox 651 4015 681 4062; x_wconf 91' lang='lat' dir='ltr'><strong>ln</strong></span> <span class='ocrx_word' id='word_1_310' title='bbox 700 4010 765 4064; x_wconf 88' lang='lat' dir='ltr'><strong>edit.</strong></span> <span class='ocrx_word' id='word_1_311' title='bbox 786 4023 893 4077; x_wconf 82' lang='lat' dir='ltr'><strong>operum</strong></span> <span class='ocrx_word' id='word_1_312' title='bbox 913 4011 944 4062; x_wconf 81' lang='lat' dir='ltr'><strong>G.</strong></span> <span class='ocrx_word' id='word_1_313' title='bbox 958 4009 1038 4063; x_wconf 87' lang='lat' dir='ltr'><strong>Galil.</strong></span> <span class='ocrx_word' id='word_1_314' title='bbox 1057 4007 1156 4062; x_wconf 83' lang='lat' dir='ltr'><strong>Milano</strong></span> <span class='ocrx_word' id='word_1_315' title='bbox 1174 4008 1239 4060; x_wconf 82' lang='lat'><strong>1811</strong></span> <span class='ocrx_word' id='word_1_316' title='bbox 1260 4004 1347 4062; x_wconf 65' lang='lat' dir='ltr'><strong>est‘l.</strong></span> 
     </span>
     <span class='ocr_line' id='line_1_36' title="bbox 122 4095 1146 4172; baseline -0.002 -14"><span class='ocrx_word' id='word_1_317' title='bbox 122 4111 189 4158; x_wconf 88' lang='lat' dir='ltr'><strong>vu.</strong></span> <span class='ocrx_word' id='word_1_318' title='bbox 208 4121 235 4172; x_wconf 86' lang='lat' dir='ltr'><strong>p.</strong></span> <span class='ocrx_word' id='word_1_319' title='bbox 255 4105 316 4156; x_wconf 81' lang='lat' dir='ltr'><strong>eoa.</strong></span> <span class='ocrx_word' id='word_1_320' title='bbox 1145 4095 1146 4099; x_wconf 75' lang='grc'>’</span> 
     </span>
    </p>

    <p class='ocr_par' dir='ltr' id='par_1_7' title="bbox 162 4198 545 4266">
     <span class='ocr_line' id='line_1_37' title="bbox 162 4198 545 4266; baseline 0.005 -15"><span class='ocrx_word' id='word_1_321' title='bbox 162 4202 182 4251; x_wconf 75' lang='lat'><strong>5</strong></span> <span class='ocrx_word' id='word_1_322' title='bbox 200 4200 240 4252; x_wconf 83' lang='lat' dir='ltr'><strong>Da</strong></span> <span class='ocrx_word' id='word_1_323' title='bbox 262 4199 330 4250; x_wconf 80' lang='lat' dir='ltr'><strong>Gen.</strong></span> <span class='ocrx_word' id='word_1_324' title='bbox 350 4198 456 4266; x_wconf 67' lang='lat' dir='ltr'><strong>Imperi.</strong></span> <span class='ocrx_word' id='word_1_325' title='bbox 476 4215 501 4253; x_wconf 87' lang='lat' dir='ltr'><strong>c.</strong></span> <span class='ocrx_word' id='word_1_326' title='bbox 519 4199 545 4253; x_wconf 83' lang='lat' dir='ltr'><strong>t.</strong></span> 
     </span>
    </p>

    <p class='ocr_par' dir='ltr' id='par_1_8' title="bbox 160 4271 431 4356">
     <span class='ocr_line' id='line_1_38' title="bbox 160 4271 431 4356; baseline 0 -12"><span class='ocrx_word' id='word_1_327' title='bbox 160 4271 431 4356; x_wconf 67' lang='lat' dir='ltr'><strong>succosa.</strong></span> 
     </span>
    </p>
   </div>
   <div class='ocr_carea' id='block_1_4' title="bbox 0 0 1490 5002">
    <p class='ocr_par' dir='ltr' id='par_1_9' title="bbox 0 0 1490 5002">
     <span class='ocr_line' id='line_1_39' title="bbox 0 0 1490 5002; baseline 0 6"><span class='ocrx_word' id='word_1_328' title='bbox 0 0 1490 5002; x_wconf 95' lang='lat' dir='ltr'><strong> </strong></span> 
     </span>
    </p>
   </div>
  </div>
 </body>
</html>
