2970 5002
143 297 185 361 28
210 352 212 357 ⁴

149 464 153 472 -
184 431 410 494 Animaduerto
423 430 468 492 2:
482 429 577 495 etiarn
589 431 629 494 de
643 430 743 496 tribus
759 431 927 513 prioribus·
941 435 1053 498 diebus
1074 434 1135 498 dici
1159 446 1196 499 ut
1222 437 1268 499 de
1292 439 1359 503 ‚reti

142 538 213 618 quis
235 528 381 619 quatuor:
405 541 447 601 Et
466 537 529 618 fait
544 557 687 621 vespera,
700 548 730 603 et
753 540 925 620 suitmaae,
942 542 1047 606 dier...
1063 543 1103 605 nt
1117 544 1224 606 tribus
1249 547 1355 625 primis

81 670 84 677 ·
142 647 254 736 diebus
275 647 439 710 soladhuc
461 665 525 710 non
546 656 614 711 erat
636 649 704 728 qui,
730 649 884 712 accedens
907 651 947 712 ad
968 650 1163 727 horizontem
1192 653 1237 713 ab
1259 670 1355 733 eoque

143 755 305 832 recedens,
322 764 354 818 et
370 772 462 829 mane
485 763 517 819 et
537 775 700 838 vesperam
714 758 859 821 efficeret.
876 758 976 836 igitur
986 761 1160 837 generatim
1184 763 1353 823 concludo:

141 881 215 927 cum
235 849 258 925 'a
272 865 341 926 sole
360 865 489 928 Mosaici
502 865 570 929 dies
586 882 650 928 non
664 866 834 946 pendeant,
848 883 921 928 cam
936 883 954 928 a
968 865 1064 930 soiari
1076 866 1127 928 die
1147 867 1270 930 diversi
1287 870 1353 941 sint,

143 975 356 1055 consequitur,
376 993 468 1039 mane
481 991 609 1057 quoque
623 982 655 1037 et
679 991 841 1054 amporam
862 974 997 1055 quaeda
1016 975 1081 1038 iliis
1106 976 1353 1055 praedicantur,

128 1067 598 1163 'communimoreaccipiende
619 1099 682 1145 noo
698 1098 778 1144 esse.
799 1076 949 1144 Sitame'n
970 1082 1043 1162 qais
1063 1082 1243 1144 arbitretur
1258 1085 1352 1146 omni-

50 1188 54 1195 '
142 1207 185 1253 no
196 1189 341 1253 tenebras
353 1191 475 1272 aiiqaas
485 1198 518 1253 ot
537 1191 620 1254 tucis
640 1189 906 1253 initiumvocibus
926 1190 990 1252 iliis
1004 1189 1175 1269 designari,
1191 1165 1353 1253 buua'mo

139 1313 253 1359 nemus
266 1299 342 1361 setis
362 1298 479 1361 habere
499 1316 569 1373 nos,
591 1305 628 1360 ut
647 1298 679 1360 ia
694 1291 827 1376 singuiis
840 1297 986 1377 diebus,
1010 1297 1116 1360 ticetii
1130 1313 1190 1377 pro
1210 1298 1350 1361 indeterz

139 1406 267 1468 minatis
289 1410 441 1487 temporis
465 1406 603 1486 periodis
625 1405 836 1486 accipiantur,
866 1406 946 1469 lucis
968 1405 1099 1487 aliquod
1124 1404 1257 1470 initium
1287 1413 1351 1487 poet

132 1511 367 1576 obscuritatem
387 1513 525 1594 aliquem
539 1514 748 1575 inveniamus.
768 1513 874 1575 Sedet
888 1512 929 1575 de
949 1512 1010 1575 boc
1031 1517 1154 1591 postea.
1203 1561 1207 1573 ,

178 1621 368 1700 Respondeo
381 1624 427 1685 3.·
448 1637 617 1702 possumus
638 1620 778 1703 recipere
791 1620 1034 1701 explicationem
1047 1620 1224 1698 Augustini
1246 1627 1280 1684 et
1295 1619 1353 1684 ttu-

138 1728 235 1792 cberii
258 1731 312 1812 (5.
325 1733 345 1794 9
360 1730 382 1812 ),
414 1747 528 1809 nempe
549 1730 636 1820 quod¹
655 1747 786 1809 camera
807 1731 849 1793 sit
863 1729 1037 1794 transactio
1056 1733 1270 1793 eommamatt
1293 1747 1354 1809 ope·

137 1838 198 1918 ris,
220 1846 252 1901 et
274 1856 364 1902 mane
387 1838 540 1901 inchoatio
560 1837 800 1917 faturi.‚Etiem
824 1838 857 1900 in
880 1838 905 1900 Ι.
919 1838 959 1900 de
974 1839 1051 1901 Gen.
1074 1836 1115 1899 ad
1138 1835 1185 1898 iit.
1213 1855 1245 1900 c.
1270 1837 1355 1906 xvtt.

138 1946 248 2010 scribit
262 1944 460 2025 Augustinus
476 1968 491 2005 a
505 1946 653 2027 Vespera,
669 1946 700 2008 in
716 1954 782 2009 toto
804 1946 859 2010 itio
876 1947 980 2010 triduo
992 1953 1165 2024 antequam
1178 1947 1351 2011 florentia·

139 2053 325 2133 «minaria,
350 2052 559 2116 consummati
586 2053 695 2133 operis
716 2054 868 2115 terminus
890 2070 952 2116 noo
974 2052 1277 2119 absurdeiortesse
1311 2055 1354 2117 io-

137 2160 348 2239 atetligitur3
384 2176 476 2222 mene
508 2176 589 2225 vero<
614 2168 789 2242 tamquam·
809 2161 944 2251 suturae
967 2160 1161 2241 operationis
1196 2161 1355 2240 significa-

138 2269 230 2334 atio.
247 2291 282 2328 a.
315 2309 317 2314 -
658 2283 665 2291 '

167 2381 362 2445 ranam-ar
371 2392 500 2460 vespera
514 2375 658 2439 hebraica
669 2374 744 2450 W
756 2374 942 2447 mixtionem
955 2389 1083 2455 quoque
1093 2379 1126 2434 ct
1135 2371 1355 2440 confusionem

138 2491 294 2570 siguificat
315 2489 454 2550 eradico
476 2482 549 2559 W
578 2461 740 2570 (miscuit,
759 2484 857 2565 iquie
879 2482 1059 2563 vespertino
1082 2487 1229 2558 tempore
1253 2479 1311 2541 iux
1328 2483 1354 2549 et

140 2603 290 2664 tenebrae
312 2567 551 2681 quodammo'rsu
565 2599 809 2660 commiscentur
828 2600 923 2671 euque
936 2587 1069 2651 visibilia
1083 2589 1192 2648 omnia
1207 2584 1348 2659 colores-

138 2728 202 2790 que
216 2711 462 2774 consnnduntur:
481 2729 587 2774 revera
602 2705 785 2782 Abeo-Eure
810 2701 935 2764 monuit
952 2691 1053 2773 «Ἂν
1069 2712 1235 2774 vesperam
1262 2712 1350 2762 vocer

139 2841 154 2875 (ι
170 2819 206 2892 ri,
221 2819 307 2898 quod
329 2819 521 2880 misceantur
545 2834 651 2879 rerum
667 2815 784 2891 figurae
798 2817 940 2887 tempore
952 2802 1160 2883 vespertinae
1180 2801 1348 2882 (therba

134 2923 185 2987 nei
196 2926 228 2986 ia
239 2927 346 3006 Lepore
360 2925 394 2986 [⁰
409 2925 470 3005 Ν.)
484 2925 532 2986 Ex
544 2924 602 2986 hac
617 2940 693 2984 voce
706 2921 865 2981 derivatus
876 2909 1123 2976 videturErebut
1143 2909 1352 2978 Graecorum,

134 3051 230 3115 quem
246 3051 319 3095 cum
337 3033 417 3094 Circo
428 3032 587 3113 ponebant
600 3034 630 3092 in
647 3029 755 3091 mundi
769 3027 867 3099 initio,
886 3017 1057 3104 (vostea.)
1072 3019 1111 3079 de
1124 3033 1191 3096 quo
1203 3015 1346 3083 ovidius:

133 3145 328 3227 Erebumque
340 3145 511 3224 Cboumque
524 3145 661 3204 invocet.
678 3141 767 3203 Mane
780 3155 854 3199 vero
868 3125 947 3208 W
958 3123 1091 3187 derivari
1105 3125 1280 3187 ⁰⁰111ffl⁰d0
1302 3141 1355 3204 ΡΨ

132 3258 220 3312 testa
232 3253 336 3313 radice
348 3250 472 3311 arabica
485 3246 611 3324 bochar,
622 3263 703 3327 quae
716 3244 939 3321 interpretetur
950 3230 1270 3312 disterminatores,
1283 3247 1352 3312 ape-

130 3361 198 3420 rire
212 3349 258 3420 vei
274 3361 314 3421 ab
329 3358 389 3419 a'tia
401 3357 543 3418 eiusdem
558 3337 716 3417 idiomatis
726 3368 802 3414 voce
814 3337 1071 3424 taenaron,'quae
1083 3340 1245 3418 siguificat
1260 3355 1354 3403 vneunt

131 3485 192 3530 nec
205 3484 265 3530 non
277 3465 616 3546 primopeaitumbiane
627 3461 710 3523 enim
724 3457 917 3520 sireAurora
927 3452 1078 3532 aperiant
1087 3455 1200 3528 poetae
1216 3449 1355 3528 loquun-

133 3586 197 3653 tur,
213 3575 276 3637 diei
297 3583 414 3655 portas,
432 3573 534 3634 iucem
549 3575 689 3648 generat,
713 3581 823 3648 parere
846 3562 969 3623 videtur
989 3556 1100 3628 sotem,
1119 3572 1237 3654 resque
1264 3561 1354 3656 antea

131 3683 283 3744 obscuras
299 3681 415 3742 revelat
426 3686 457 3738 et
472 3679 649 3741 discernere
672 3674 754 3762 iacit..
768 3671 872 3731 Etiam
887 3665 1029 3728 hebraice
1045 3668 1077 3723 et
1099 3661 1274 3753 chaldaica
1300 3660 1356 3722 ha·

132 3800 244 3862 bemus
259 3788 664 3875 Wssiwaciadere,'dividere
678 3797 710 3849 et
723 3775 801 3891 U?
812 3799 926 3864 perere
946 3779 995 3840 vei
1019 3777 1122 3856 potius
1142 3793 1267 3885 parere
1284 3775 1357 3856 prr.

131 3871 331 4000 moqeuitamT.
353 3913 471 3979 Similis
492 3928 553 3972 vox
568 3907 650 3969 idem
665 3903 819 3981 significat
832 3901 940 3973 lingue
961 3890 1180 3970 Aethiopica(
1196 3882 1267 3953 tob.
1293 3891 1356 3954 Lu-

129 4027 271 4103 dotphus
292 4026 364 4087 Lex.
396 4040 426 4098 p.
449 4017 532 4097 2⁷14)
550 4039 556 4077 :
583 4011 811 4092 primogenitus
834 4002 912 4087 (qui
932 3999 1034 4079 aperit
1054 3993 1209 4072 vatnam)
1239 3997 1359 4059 dicitur

130 4116 278 4190 meet
298 4111 394 4190 ἡ»)
416 4118 580 4190 hebraice;
606 4093 733 4214 tipo}
747 4101 907 4164 chaldaice
921 4103 952 4156 ct
966 4093 1094 4171 syriace.
1113 4089 1216 4149 BOKI
1227 4093 1361 4195 captiae

129 4202 284 4311 siq'rittimt
297 4193 483 4311 procidam,
508 4237 564 4284 seu
585 4198 825 4298 parturientem.
848 4203 995 4268 Hebraeis
1017 4196 1112 4272 igitur
1132 4210 1197 4256 vox
1218 4213 1356 4277 vespera

128 4341 314 4405 mixtionem
325 4343 357 4402 et
370 4329 590 4403 confasionem
611 4317 780 4396 iudicabat3
796 4323 956 4382 voxntaae
976 4303 1176 4380 divisionem,
1195 4314 1354 4387 partum,
