2970 5002
1311 307 1370 367 ld'l

126 412 227 502 ‘meru
240 438 329 501 orem
348 432 418 501 sirie
434 432 502 502 reae
518 434 625 515 rursu,
642 438 794 503 rumam
809 438 1074 503 luminosarum
1090 448 1156 505 uas
1171 444 1200 524 (5
1214 443 1367 525 aarum

131 562 253 609 rerum
266 546 405 610 tortasse
420 545 524 609 turici
541 556 649 641 nostra
665 556 747 610 tarra
761 547 809 610 soi
827 564 888 610 oon
902 555 970 610 arat
982 560 1157 630 separatus,
1175 553 1273 615 immo
1287 569 1363 632 curra

139 657 374 737 pluribusaiiis
387 645 510 738 magnis
533 656 927 736 globiseratcouiauetus.
945 659 1111 722 Probabile
1125 678 1198 723 rero
1222 669 1281 734 est,
1301 665 1369 742 pri-

132 776 194 828 mu
219 758 363 849 tempere
387 783 452 847 quo
478 767 609 855 globum
623 782 681 846 per
696 769 918 845 reconsiituit,
935 784 1049 846 magua
1073 768 1230 831 luminosa
1256 780 1367 832 atmo-

140 875 278 954 sphaera
290 868 393 944 'solem
409 878 549 942 cineram
574 875 685 958 fuisse,
715 881 846 958 eiusque
875 878 977 940 iucem
1007 879 1108 957 magis
1133 889 1210 941 tunc
1236 880 1366 958 quidem

140 983 304 1062 diffusam,
320 993 352 1046 at
367 987 564 1051 lortsminus
592 988 747 1050 intensam
776 987 942 1050 effulsisse.
976 988 1093 1050 laureo
1117 990 1195 1049 baec
1219 989 1364 1051 lumino-

136 1106 173 1155 sa
199 1087 423 1173 atdaospbsera'
450 1095 490 1158 ad
514 1078 789 1160 orbitam‘te‘ilaris
812 1110 875 1158 non
899 1097 1121 1176 perveniebat,
1148 1097 1260 1160 saltem
1294 1107 1366 1176 posi

133 1202 318 1266 vtiertbiirum
348 1204 429 1267 iccis'
453 1194 538 1270 illius
562 1194 644 1288 puae
666 1211 771 1288 primo
796 1207 846 1271 die
875 1202 1126 1271 memorata'est.
1156 1207 1279 1272 Etenim
1302 1209 1363 1272 do-

127 1304 247 1375 muru
261 1301 318 1377 illo
328 1313 410 1378 lucis
425 1318 544 1378 oceano
557 1317 695 1379 involuta
708 1318 884 1394 salicellus,
905 1318 974 1379 iux'
988 1318 1050 1380 diei
1078 1319 1172 1396 primi
1199 1333 1262 1380 noa
1290 1334 1363 1380 oes-

141 1419 310 1496 sarturae
325 1422 392 1485 dies
417 1423 472 1485 ilia
496 1426 619 1504 primus
646 1415 893 1493 iiaem'irabuit.
921 1422 1165 1507 Qualiscumque
1190 1425 1363 1489 rerolue-
1423 1438 1437 1457 ⁹

132 1530 183 1625 'rit'
196 1531 283 1594 Solis
293 1520 400 1596 slatus
413 1522 574 1615 prioribus
589 1539 728 1615 periodis
744 1587 750 1614 ,
772 1531 888 1617 ipse'se
904 1534 1007 1601 telluri
1022 1554 1087 1599 non
1102 1536 1254 1612 ostendit
1269 1538 1359 1598 aius·

136 1630 208 1720 qaae·
230 1627 312 1703 reti
333 1640 460 1720 directi,
476 1630 642 1724 multoque
665 1647 771 1707 miuus
798 1653 976 1708 ceterorum
1001 1652 1170 1722 astrorum,
1197 1646 1235 1705 ad
1263 1644 1359 1707 teitu·

136 1760 207 1812 rem
230 1748 299 1813 uod
316 1758 542 1832 pervenerant,
558 1730 768 1840 quoadusque
782 1754 910 1817 densior
923 1755 1037 1830 caiigo,
1053 1762 1109 1816 aut
1121 1755 1232 1815 saitem
1248 1754 1359 1831 iugens

137 1862 362 1922 misturam
377 1876 532 1946 vaporum
549 1870 663 1938 massa,
679 1863 826 1924 tabulam
842 1862 1297 1941 oramusquecireurmegeus
1313 1865 1360 1924 in·

130 1954 291 2033 volvebat.
304 1968 395 2033 Verrii
407 1951 516 2050 postea
530 1979 667 2052 tompus,
681 1970 809 2053 quaudo
825 1972 875 2034 liic
887 1972 1061 2035 nebulosus
1072 1964 1176 2032 loreis
1191 1970 1355 2050 disruptus

136 2083 268 2156 apertas
293 2095 331 2140 ac
346 2080 472 2142 taudem
488 2080 659 2160 dissipatus
675 2081 745 2157 iuit3
771 2054 866 2160 idque
891 2079 1109 2156 reigradatim
1137 2078 1179 2140 ob
1194 2079 1353 2141 naturales
1405 2065 1413 2085 ‘

135 2201 249 2248 causas
265 2186 350 2249 lente
364 2195 396 2250 et
409 2188 536 2258 assidue
559 2198 726 2268 operantes
748 2189 795 2250 vel
812 2239 819 2264 ,
835 2188 920 2268 quod
936 2187 1069 2250 sortasse
1085 2187 1281 2266 probabilius
1297 2195 1356 2260 est,

132 2295 177 2357 ob
192 2294 332 2374 aliquam
356 2276 501 2376 mgnum
529 2299 750 2378 catastrophen
772 2314 854 2377 quae
882 2298 1023 2359 terrestri
1037 2290 1279 2374 atmospbaerae
1294 2311 1358 2355 no·

135 2401 268 2464 labilem
282 2403 387 2490 attulit
399 2408 628 2483 mutationem,
645 2413 677 2468 et
692 2409 860 2469 continuos
885 2406 956 2467 illos
980 2421 1112 2483 vapores
1138 2403 1326 2478 disperdens
1345 2450 1353 2479 ,
1386 2464 1388 2474 ,

133 2513 242 2573 aarum
255 2504 349 2575 rtdii's
363 2519 521 2578 astrorum
544 2514 770 2594 permeabilem
784 2514 868 2577 iecit.
885 2513 998 2576 Utrum
1020 2510 1116 2572 etiam
1128 2511 1160 2572 in
1173 2507 1247 2572 Sole
1272 2515 1305 2570 et
1320 2508 1353 2570 i'n
1428 2597 1429 2602 Ἰ

127 2610 503 2703 astrisuotrbilisaiiqua
517 2612 652 2688 mutatio
676 2623 779 2687 iubae
794 2605 925 2704 periodo
953 2620 1104 2698 evenerit,
1126 2617 1260 2681 delinire
1286 2635 1351 2680 aon

129 2725 244 2790 audeo.
300 2730 304 2753 ³
1173 2743 1177 2751 ’

130 2848 134 2857 ·
168 2820 551 2922 liam,i1uarrdohaeciu
575 2849 684 2905 nostra
705 2839 925 2920 atmospbasra
949 2838 1030 2900 facta
1057 2837 1102 2899 sit
1127 2837 1283 2908 mutatio,
1311 2834 1354 2896 ob

126 2958 225 3026 qaam
241 2950 401 3011 astrorum
417 2948 514 3012 radiis
528 2966 592 3014 nou
607 2951 745 3030 amplios
760 2947 967 3011 interclusum
987 2932 1121 3019 estiter,
1137 2946 1197 3004 bue
1212 2944 1253 3004 es
1265 2942 1348 3021 phy-

128 3052 194 3121 sica
205 3056 401 3138 sciscitanti
415 3074 503 3124 nanc
516 3060 660 3140 ast,seire
673 3074 738 3124 uon
752 3072 934 3139 possumus:
949 3055 1005 3118 sed
1019 3062 1121 3134 nequa
1133 3070 1171 3115 ex
1187 3053 1245 3115 bac
1258 3049 1350 3132 quid·

126 3160 328 3248 quam,quod
340 3164 475 3230 alieuius
489 3167 642 3234 momenti
656 3166 803 3247 sit,obiiei
818 3170 922 3247 potest
936 3163 1015 3227 Most
1029 3160 1304 3239 perpetratorem
1318 3168 1351 3221 et

126 3278 212 3337 astra
226 3270 332 3351 telluri
346 3273 530 3355 adparuisse
544 3278 627 3338 inter
638 3274 807 3356 periodum
820 3273 940 3354 primae
950 3271 1158 3362 vegetationis
1171 3275 1202 3330 ct
1216 3268 1345 3328 creatio·

124 3394 204 3460 uem
218 3380 406 3447 animalium
420 3385 460 3448 ad
476 3400 529 3449 eas
543 3385 660 3474 classes
675 3382 916 3465 pertinentium,
932 3391 1069 3462 quarum
1082 3379 1116 3440 ia
1135 3374 1347 3458 operequiuti

126 3488 386 3555 dieiiituretrtio.
585 3492 588 3498 '
905 3492 908 3497 ⁴
1417 3492 1421 3499 '

168 3597 327 3676 Quartum
340 3597 427 3664 hano
442 3598 526 3664 die'm
551 3596 759 3682 probabiliter
774 3599 946 3680 praecessit
961 3588 1076 3676 magua
1101 3595 1207 3678 aliqua
1219 3600 1349 3674 pertur-

129 3704 284 3786 batio,·“ex
297 3722 359 3791 qua
373 3706 550 3774 obscuritas
562 3723 658 3789 super
671 3702 776 3771 tarrae
786 3705 899 3772 faeiem
913 3688 1109 3788 paratiquod
1120 3712 1251 3782 tempus
1264 3700 1348 3761 iacta

124 3824 176 3883 est
190 3806 527 3901 ssxbvlliprora‘eque
541 3835 559 3880 e
573 3814 653 3881 mari
667 3824 770 3880 terrae
780 3822 995 3901 *emerseruuu
1011 3824 1093 3894 quae
1106 3812 1213 3883 etiam,
1224 3809 1289 3869 siva
1304 3807 1346 3868 ob

128 3927 273 4008 aliquam
298 3927 332 3991 ia
355 3928 428 3990 aare
450 3923 663 3990 mutationem
689 3924 754 3989 site
768 3910 810 3988 ob
834 3916 1069 3986 decrescentem
1085 3918 1223 3982 calorem
1235 3913 1345 3978 tetimi

123 4032 294 4119 proprium
307 4018 376 4100 sira
388 4032 637 4100 aduescentem
659 4032 798 4098 solarem
810 4013 980 4108 intusum,
995 4021 1073 4092 dum
1088 4026 1213 4109 plantae
1228 4038 1343 4104 propa·

126 4120 443 4223 gabantur,iortasse
457 4141 688 4224 aliquantulum
703 4137 977 4213 modificabantur,
996 4153 1092 4231 noras
1106 4135 1220 4213 stirpes
1235 4130 1349 4206 germi-

128 4257 229 4315 mare
242 4250 370 4327 tellure,
382 4242 484 4334 quum
500 4251 540 4312 iis
549 4260 752 4331 opportunae
765 4248 964 4312 mactaturus
974 4246 1180 4310 *sorensem
1218 4270 1221 4277 ·
1278 4292 1281 4300 .
1324 4300 1326 4304 a

152 4359 195 4427 tta
212 4360 244 4426 in
258 4360 318 4426 hac
333 4361 466 4442 periodo
480 4359 663 4428 carmiuare
675 4342 942 4440 (ibitqusedarta
953 4354 1172 4439 praecurritur
1184 4348 1353 4414 tomacula
