2970 5002
148 347 206 410 tad

145 509 159 542 n
183 498 312 562 vespere
332 485 363 543 'et
388 481 582 558 manedies
604 484 713 542 sextus
734 495 763 539 n.
787 477 869 543 anal
896 479 927 541 in
951 478 1029 542 haee
1056 464 1265 541 disserentem
1291 479 1352 542 llu-

52 645 60 658 .
143 589 306 670 goslinum
326 594 352 651 1.
379 611 396 652 «
420 591 524 663 Quum
558 590 616 651 'de
637 588 769 664 singulis
797 595 915 667 ageret,
951 588 1075 650 dicebat
1100 594 1242 685 ,tantum
1274 587 1350 648 Vidit

144 722 160 761 n
187 702 270 763 Deus
293 701 366 780 quia
388 701 511 762 borram
530 705 587 760 est:
612 714 711 778 quum
733 706 839 759 autem
862 697 900 757 de
928 697 1076 758 omnibus
1097 696 1270 773 diceretur,
1296 713 1348 774 pa·

44 849 48 853 -
143 830 160 869 «
185 827 253 870 rum
279 809 336 869 luit
357 807 460 868 dicere
485 807 573 883 bono,
595 808 656 868 nisi
677 806 846 873 adderetur
866 811 897 866 et
917 803 1019 867 valde.
1053 805 1085 866 Si
1109 803 1195 864 enim
1230 803 1349 880 singola

61 988 64 993 1
145 939 159 974 n
182 932 276 996 opera
304 914 377 993 Ilei,
399 933 499 996 quum
520 914 761 976 considerantur
781 932 798 974 a
818 894 1037 992 prudentibus,
1072 912 1278 973 inveniuntur
1296 912 1351 972 ba-

22 1106 25 1111 <
140 1047 158 1087 (ι
182 1027 256 1093 bere
278 1024 449 1087 laudabiles
484 1040 648 1086 mensuras
670 1031 702 1084 et
730 1039 880 1085 numeros
913 1028 945 1083 et
965 1020 1104 1096 ordines,
1117 1022 1149 1084 in
1174 1037 1235 1084 suo
1263 1037 1357 1102 quae-

104 1197 105 1201 ,
141 1156 158 1195 ι(
181 1152 243 1214 que
253 1151 367 1212 genere
381 1135 563 1212 constituta,
589 1132 831 1213 quantomagis
853 1119 964 1195 omnia
980 1130 1086 1209 simul,
1109 1130 1131 1191 i.
1147 1129 1262 1210 eipso
1282 1130 1349 1190 uni-

140 1265 172 1306 ‹u-
184 1245 332 1323 versitas,
355 1259 437 1322 quae
460 1243 527 1305 istis
548 1242 680 1318 singulis
703 1239 734 1302 in
755 1256 856 1303 unum
878 1239 1003 1303 collatis
1025 1237 1220 1319 compleant
1241 1238 1338 1301 Omnis

140 1371 159 1410 «
183 1351 266 1412 enim
292 1348 508 1429 pulchritudo,
533 1365 615 1428 quae
636 1348 780 1429 partibus
803 1353 938 1423 oonstat,
960 1348 1065 1411 multo
1088 1352 1138 1433 est
1160 1344 1338 1408 laudabilior

141 1477 158 1516 «
182 1457 212 1516 in
226 1440 302 1518 'toto
323 1471 419 1535 quam
439 1456 474 1517 in
498 1455 640 1536 portibus
666 1473 696 1518 u.
1019 1520 1020 1523 ,

180 1564 234 1625 llis
256 1563 311 1624 Dei
332 1563 436 1626 verbis
457 1580 563 1625 rerum
584 1579 603 1626 a
628 1580 662 1624 se
693 1561 866 1642 perlectam
899 1560 1134 1633 universitatem
1169 1559 1335 1637 laudantis,

138 1669 294 1744 nonnulli,
308 1686 389 1749 quos
401 1670 481 1732 inter
494 1669 643 1747 Wollius,
658 1669 829 1750 optimismi
843 1676 979 1749 systema
995 1667 1175 1731 confirmari
1190 1672 1334 1746 putarunt,

138 1778 224 1856 quod
250 1791 363 1856 nempe
387 1778 542 1841 mundum
563 1776 648 1840 hune
669 1776 826 1856 optimum
843 1793 924 1855 esse,
939 1782 1034 1856 atque
1055 1777 1259 1837 interomnes
1274 1788 1335 1852 pos-

140 1884 247 1944 sibiles
268 1882 534 1962 perleetissimum
570 1884 690 1946 statuit.
712 1883 774 1945 Sed
795 1882 922 1946 frustra:
944 1884 1053 1946 nullus
1087 1884 1172 1945 enirn
1197 1883 1247 1953 bio
1267 1895 1337 1946 eorn-

139 1987 311 2064 parationis
334 1988 488 2047 terminus
510 1995 651 2065 apparet,
673 1995 771 2063 quare
791 1985 978 2067 simpliciter
1010 1985 1251 2063 intelligendum
1284 1992 1330 2059 est,

139 2095 298 2171 integrum
322 2110 403 2173 opus
424 2093 481 2154 Dei
501 2093 593 2156 valde
604 2096 713 2157 donum
728 2110 808 2170 esse,
825 2103 857 2155 et
870 2095 966 2156 etiam
981 2096 1138 2175 optimum
1154 2095 1260 2175 aliquo
1273 2111 1333 2156 seo·

138 2220 185 2276 su,
213 2209 279 2262 tum
301 2202 374 2281 quia
396 2201 499 2262 omnis
533 2200 638 2262 divino
681 2201 823 2280 operatio
860 2201 980 2282 optima
1002 2209 1050 2264 est
1080 2209 1113 2264 et
1134 2202 1256 2264 infinite
1276 2218 1335 2281 per-

139 2309 221 2371 fecta
244 2309 324 2389 (Del
337 2308 480 2389 perfeeto
493 2316 679 2400 ⁸sumopere
693 2308 785 2372 Deut.
808 2309 892 2386 xxll
908 2309 930 2390 l;
956 2317 1022 2373 tum
1038 2310 1111 2390 quia
1130 2312 1251 2389 optime
1264 2325 1333 2371 asse·

137 2418 245 2496 quitur
269 2410 365 2479 tinem
384 2435 478 2498 quem
500 2417 584 2481 Deus
616 2419 759 2498 intendit,
781 2418 867 2499 quod
902 2426 934 2481 et
968 2420 1096 2480 eredere
1131 2418 1293 2496 debemus,
1313 2423 1337 2478 et

135 2525 229 2585 etiarn
254 2541 292 2584 ex
309 2533 396 2604 parte
408 2526 641 2604 cognoscimus3
657 2533 725 2588 tum
739 2527 869 2588 demum
883 2525 957 2606 quio
971 2526 1141 2606 archetypo
1162 2535 1291 2590 aeterno
1310 2512 1340 2586 io'

137 2633 194 2694 Dei
214 2643 320 2719 mente
344 2634 519 2705 exisistenli
547 2635 775 2715 perfectissime
807 2634 988 2714 respondet:
1004 2653 1066 2715 qua
1088 2635 1128 2697 de
1150 2653 1184 2697 re
1206 2636 1336 2696 dubitare

134 2758 198 2802 non
221 2742 302 2804 lieet.
328 2743 397 2805 Non
421 2744 506 2806 enlm
530 2743 762 2820 siouthomini,
786 2743 947 2806 itaetlleo
963 2745 1126 2823 oontiogit,
1146 2752 1182 2808 ut
1206 2745 1336 2826 aliquau-

81 2874 83 2880 ·
135 2850 177 2910 do
199 2845 440 2929 praeformatam
463 2859 569 2915 mente
590 2853 694 2915 ideam
724 2869 820 2934 opere
834 2869 897 2914 non
920 2863 1117 2934 assequatur.
1140 2852 1336 2917 Praetereoin

134 2961 319 3037 quaestione
333 2961 505 3040 optimismi
526 2962 565 3023 de
578 2951 664 3024 malo
678 2962 790 3023 morali
812 2961 981 3042 praecipue
1003 2980 1108 3024 sermo
1129 2969 1190 3025 est.
1213 2963 1338 3026 lamvero

132 3066 234 3128 llloses
257 3067 296 3129 de
317 3070 435 3130 muodo
457 3071 608 3149 loquitur,
634 3071 680 3131 uti
700 3070 754 3131 ille
774 3076 841 3132 erat
854 3077 927 3132 ante
941 3069 1080 3132 hominis
1095 3054 1273 3149 peceatum,
1288 3084 1334 3134 uer

133 3176 172 3237 de
192 3177 342 3256 operibus
367 3178 530 3240 hominum
562 3178 722 3258 loquitur,
748 3180 803 3240 sed
822 3179 862 3241 de
883 3180 1095 3262 cunctisquoe
1108 3179 1230 3260 fecerat
1252 3181 1332 3242 bons:

130 3285 213 3346 inter
234 3285 311 3353 bueo
331 3285 428 3358 bomo
447 3294 514 3348 erat
537 3287 648 3367 etipse
668 3287 792 3364 bonus,
816 3304 879 3350 non
901 3287 933 3350 in
968 3289 1028 3352 boo
1049 3289 1135 3369 quod
1161 3299 1336 3370 peccaturus

132 3391 393 3468 praevidebatur,
429 3393 484 3455 sed
505 3393 579 3473 quia
605 3393 706 3455 iaetus
728 3400 795 3456 erat
817 3394 919 3457 bonus
947 3412 984 3457 ae
998 3396 1067 3459 sine
1083 3408 1226 3477 peceato,
1241 3403 1271 3460 in
1285 3403 1336 3460 sta·

132 3505 167 3560 tu
189 3498 325 3560 iustitiae
338 3508 369 3561 et
383 3502 556 3563 sanctitatis
570 3501 775 3581 constitutus,
791 3500 950 3579 integrum
974 3502 1093 3565 babens
1109 3503 1246 3568 liberum
1267 3503 1338 3567 arbi·

131 3605 246 3685 trium,
281 3624 345 3687 quo
366 3609 532 3672 tentationi
555 3611 700 3672 resistere
721 3615 870 3690 poterat,
893 3615 926 3670 et
960 3609 992 3671 in
1010 3609 1192 3674 innocentia
1212 3627 1337 3674 manere.

88 3797 92 3804 Ι
129 3713 287 3788 Ceterum,
312 3714 499 3795 simpliciter
521 3714 680 3798 loquendo,
694 3712 832 3796 quolibet
843 3729 879 3810 re
892 3730 912 3775 a
925 3728 958 3775 se
971 3711 1069 3792 lueto,
1081 3724 1186 3795 potest
1202 3719 1284 3780 Deus
1297 3714 1313 3797 l
1326 3743 1338 3761 ·

130 3823 307 3886 cerealium
331 3825 513 3902 meliorem,
537 3833 573 3888 ut
593 3826 685 3889 docet
704 3843 730 3886 s.
755 3827 888 3890 Thomas
906 3822 934 3881 ²·

169 3927 280 3990 Utrum
305 3930 422 4011 aliquid
443 3934 475 3994 iu
488 3934 592 4010 ⁴globo
615 3941 716 3996 terroe
736 3935 853 3998 loetum
876 3937 927 4014 sit,
942 3937 1026 4018 quod
1044 3937 1247 4000 manifestam
1266 3936 1338 4001 ¹‹liri-

60 4063 62 4067 ·
131 4034 251 4097 sionem
274 4048 405 4116 poneret
427 4041 507 4103 inter
530 4049 649 4105 sextam
672 4051 703 4106 et
718 4048 886 4126 septimam
901 4046 999 4128 diem,
1016 4047 1136 4127 ignoro.
1154 4047 1269 4111 Sextae
1283 4043 1340 4109 diei

165 4293 176 4340 t
199 4293 236 4341 lto
258 4293 324 4344 Gon.
344 4301 419 4345 conl.
438 4298 562 4350 luuntur.
584 4303 606 4361 l,
626 4299 672 4349 ut.

166 4389 183 4437 2
206 4393 227 4439 t.
248 4395 275 4440 P.
296 4407 324 4457 q.
345 4396 421 4446 llllll.
441 4408 481 4445 ar.
500 4396 528 4459 63
547 4406 572 4449 et
590 4397 706 4450 Caietae.
727 4397 847 4449 inillam
868 4406 917 4451 art.
