2970 5002
1227 280 1268 345 73

48 429 125 476 aem
147 427 267 494 semper
288 409 460 476 substituit.
483 411 525 475 dt
545 410 570 473 si
592 428 666 476 voce
687 412 745 474 hae
767 419 926 476 momenta
943 394 1081 476 intendit
1093 415 1184 477 nobis
1198 418 1259 479 ob-

10 514 12 534 ²
49 522 179 583 trudere
190 529 244 584 aut
264 521 422 598 instantia,
436 521 479 582 nil
495 518 555 582 ista
568 520 653 583 vocis
674 519 848 584 mutatione
862 521 996 601 prolicit.
1010 521 1042 585 Si
1065 540 1138 585 vero
1154 522 1264 585 huius-

10 606 12 615 ’
53 628 139 689 modi
161 626 282 708 semper
303 626 456 704 signifieat
474 626 513 688 ab
535 634 671 703 aeterno,
690 625 771 701 dico,
791 614 1023 706 Deumsemper
1048 628 1135 709 (non
1150 629 1190 690 ab
1206 629 1263 691 ini·

47 733 97 801 ‚tio
119 734 323 814 aeternitatis,
346 751 418 796 nam
433 733 511 797 baec
525 733 645 799 locutio
660 732 900 796 contradictoria
915 742 963 795 est
976 733 997 813 ),
1018 735 1057 796 ab
1078 744 1216 811 aeterne,
1231 738 1265 798 in

55 858 115 904 sua
129 843 315 905 aeternitate
332 845 474 922 potuisse
486 841 643 911 mnndum
658 856 764 901 creare
783 839 791 920 l
804 841 823 901 i.
839 857 868 902 e.
884 840 1032 922 babuisse
1044 843 1137 905 illum
1151 861 1262 906 arean-

54 948 87 1012 di
109 950 316 1032 potentiam),
341 950 396 1014 sed
420 949 622 1013 solummodo
643 965 706 1010 una
718 965 788 1010 eum
803 956 937 1030 tempore
951 970 962 1026 ;
978 967 1042 1013 non
1064 957 1167 1013 tamen
1183 968 1266 1014 sem-

50 1078 114 1141 per
137 1077 196 1124 nec
217 1077 368 1140 umquam
391 1058 528 1121 absurda
549 1057 655 1130 tacere
674 1059 801 1137 potuit,
827 1037 1034 1121 otmundum
1057 1061 1194 1122 condere
1209 1077 1266 1122 ae·
1294 1050 1301 1061 ’

53 1176 193 1231 ternum:
208 1168 349 1230 mundus
369 1167 453 1228 eninr
464 1159 613 1228 aeternns'
622 1166 697 1228 dicit
710 1167 825 1229 seriem
838 1173 910 1229 actu
927 1166 1092 1246 infinitam,
1108 1184 1190 1247 qnae
1203 1169 1265 1231 im-

57 1277 156 1356 plicat
179 1274 470 1339 contradictionem.

11 1398 15 1405 ’
98 1383 231 1446 Etiamsi
250 1385 414 1464 daremus,
426 1382 897 1471 aeternitatem'concipiendam
911 1403 980 1449 esse
994 1385 1041 1449 uti
1056 1391 1183 1465 tempus
1198 1387 1266 1449 sine

54 1492 146 1554 initio
167 1499 199 1552 et
218 1493 285 1553 sine
305 1491 377 1578 dna,
388 1491 567 1577 discurrens
591 1492 601 1574 (
613 1501 649 1556 ut
664 1493 745 1555 linea
766 1502 851 1558 recta
871 1496 938 1557 sine
960 1495 1115 1575 principio
1137 1501 1169 1556 et
1189 1497 1261 1557 'sine

55 1599 130 1677 tine,
155 1597 204 1659 vel
224 1597 269 1661 nti
290 1597 428 1661 circulus
441 1597 464 1679 t,
487 1605 677 1663 tamennon
701 1609 784 1675 esset
803 1601 1054 1679 eoncedendum,
1077 1600 1178 1663 Deum
1200 1617 1261 1679 po-

57 1707 152 1769 tuisse
170 1723 275 1768 creare
295 1706 451 1769 mundum
472 1704 646 1771 aeternum:
670 1725 744 1770 nam
766 1725 871 1770 creare
893 1709 1049 1771 mundum
1072 1706 1262 1788 principium

55 1814 222 1876 habentem
244 1812 288 1874 nil
310 1814 587 1879 contradictorium
601 1816 752 1896 implicat,
766 1823 798 1879 at
810 1833 915 1879 creare
930 1817 1085 1878 mundum
1099 1820 1265 1876 aeternum
1319 1843 1323 1849 »

24 1963 27 1973 .
61 1921 165 2001 (quod
190 1927 273 1984 asset
292 1937 398 1985 creare
418 1923 451 1984 in
472 1922 627 2004 principio
648 1924 741 1988 buius
765 1925 915 2004 temporis
937 1927 1004 1986 sine
1025 1922 1201 2004 principio}
1221 1930 1271 1984 est

59 2030 218 2091 evidenter
241 2032 456 2094 contradictio:
470 2049 510 2093 ex
531 2049 569 2094 eo
589 2041 697 2094 autem
711 2033 796 2114 quod
811 2034 881 2112 quis
896 2032 998 2094 faeere
1020 2040 1125 2111 potest
1141 2032 1260 2112 aliquid

58 2155 121 2200 non
143 2138 431 2216 contradictorium,
453 2156 516 2200 non
539 2146 643 2223 potest
665 2141 724 2201 nisi
747 2140 884 2203 absurde
906 2125 1115 2213 deduci,eum
1136 2145 1263 2217 atquae

54 2244 297 2307 contradictoria
317 2255 391 2307 sunt
414 2261 507 2324 posse
526 2244 688 2327 perticere.
725 2245 808 2323 Erga
830 2247 925 2308 etiam
946 2247 978 2306 in
999 2245 1052 2306 illa
1073 2245 1266 2323 suppositio·

55 2370 97 2413 ne
118 2351 288 2414 dicendum
308 2357 401 2430 esset,
415 2351 516 2413 Deum
536 2352 576 2413 ab
600 2358 728 2415 aeterno
743 2358 931 2432 potestatem
946 2352 1093 2413 babuisse
1109 2351 1266 2413 condendi

56 2461 265 2538 temporalem
287 2461 443 2522 mundum
459 2459 479 2521 i.
494 2477 522 2522 e.
540 2460 664 2523 initium
685 2462 867 2524 existentiae
890 2461 1069 2523 habentem.
1093 2453 1210 2522 Verum
1227 2459 1269 2521 nd

15 2588 18 2593 ’
55 2567 155 2632 Mosis
177 2567 270 2630 verba
291 2575 495 2630 revertamur.

100 2675 235 2738 XXVlll'.
264 2676 359 2738 Terra
371 2684 440 2739 erat
464 2651 553 2743 'ir'ifiii
573 2650 653 2745 iill'i
668 2676 771 2740 inacta
786 2684 814 2739 et
828 2695 929 2739 vacua
944 2682 979 2739 ut
992 2675 1036 2762 ait
1047 2676 1194 2758 Vulgata,
1213 2689 1270 2735 seu

59 2769 236 2852 iaor'sidile's
251 2797 281 2852 et
296 2791 497 2872 incomposita
511 2764 776 2869 quXX,deserta
789 2799 818 2852 et
832 2789 1004 2865 insultant
1019 2787 1120 2849 versio
1135 2785 1266 2865 syriace;

59 2898 188 2960 vanitas
204 2906 234 2960 et
247 2897 392 2976 nibilum,
406 2899 564 2979 utAquila
579 2907 610 2961 et
623 2899 829 2976 Theodotion;
843 2898 930 2959 iners
942 2897 1006 2958 sive
1017 2913 1149 2957 vacuam
1169 2899 1201 2954 et
1222 2893 1275 2955 ia·

64 3005 232 3081 eonditum,
250 3013 284 3068 ut
297 3007 515 3087 Symmachus;
545 3007 752 3070 desolataseu
764 3007 889 3069 deserta
901 3011 932 3067 et
945 3021 1046 3066 oaeua
1058 3002 1103 3067 uti
1119 3001 1267 3064 Onkeion.

62 3114 149 3186 Quae
161 3130 272 3176 omnes
285 3095 559 3195 interpretationes
570 3115 602 3177 in
614 3116 758 3177 eamdem
770 3115 953 3192 conspirant
964 3109 1272 3173 sententiamdben-

56 3219 138 3284 Ezra
153 3221 385 3284 substantivum
401 3229 571 3302 utrumqne
587 3238 704 3285 nomon
718 3237 787 3281 esse
802 3224 894 3299 putat
909 3223 941 3278 et
963 3216 1046 3277 idem
1069 3213 1268 3292 significare,

60 3333 98 3396 id
112 3336 146 3395 ia
161 3353 218 3415 qne
233 3333 312 3396 nibil
323 3342 370 3397 est
385 3335 479 3397 solidi
491 3334 543 3397 ael
563 3319 774 3397 subsistentis.
790 3325 980 3409 Ε’ξᾰμὸρφου
992 3328 1071 3405 dane,
1088 3328 1151 3390 b.e.
1168 3345 1211 3389 een
1225 3328 1275 3395 ia-

55 3439 156 3520 t'armt'
177 3441 312 3503 materia
323 3440 424 3504 Deum
437 3450 553 3503 terram
569 3440 692 3519 iecisse,
708 3441 841 3518 legimus
855 3421 989 3518 Saplll.
1005 3439 1109 3499 Allata
1124 3435 1272 3501 hebraica

54 3548 156 3610 verba
183 3549 269 3630 apud
283 3549 508 3626 loremiale,
532 3549 573 3612 23
587 3555 703 3610 terram
718 3554 837 3610 vastam
859 3555 891 3610 et
912 3547 1069 3610 desertam
1092 3547 1274 3624 designant.

60 3655 200 3734 «Aspexi
214 3663 381 3738 terram,et
391 3673 464 3721 ecee
480 3672 576 3717 vacua
591 3663 657 3717 erat
669 3662 700 3718 et
711 3655 801 3718 nihili
808 3677 822 3714 r>
834 3654 937 3718 reddit
951 3653 995 3717 ibi
1005 3652 1218 3732 Vulgatusdx
1230 3654 1280 3713 bis

55 3762 242 3840 colligimus
259 3770 373 3826 terram
390 3764 399 3846 (
415 3781 471 3827 sou
485 3763 639 3845 quidquid
651 3764 695 3826 ibi
717 3783 734 3828 a
748 3764 834 3827 Mose
846 3771 946 3827 terrae
958 3764 1086 3825 nomine
1096 3759 1273 3838 indicatur)

52 3886 222 3935 summam
233 3870 399 3933 informem
411 3870 689 3934 innumerabilium
699 3869 962 3950 corpusculorum
978 3870 1010 3928 in
1022 3865 1153 3930 exordio
1166 3863 1271 3929 inisse.

180 3977 261 4040 Ante
271 3995 358 4039 mare
370 3984 399 4040 et
415 3985 530 4058 terras,
546 3987 574 4042 et
589 3980 669 4061 qtrad
684 3978 758 4058 tepit
772 3977 884 4052 emata,
903 3973 1031 4052 coelura,

229 4087 312 4149 Unus
323 4092 392 4148 erat
408 4093 471 4151 toto
485 4089 625 4178 Naturae
636 4087 748 4149 vultus
763 4086 796 4147 ta
812 4083 895 4160 orde,

226 4196 319 4269 Quem
330 4195 442 4258 dissere
460 4195 568 4277 Chaos,
581 4194 671 4262 rendit
686 4192 899 4275 latinamque
914 4190 1010 4260 moles
1029 4196 1057 4253 1.

90 4315 105 4364 1
122 4305 202 4364 Ouid.
216 4303 395 4374 Metamorplt.
413 4301 472 4360 tlt.
486 4306 507 4358 l.
