2970 5002
136 338 141 347 =
217 304 257 366 ts

219 449 354 509 stratum
372 461 391 506 a
405 443 576 515 vermibus,
590 448 626 507 ut
638 443 759 520 dicunt,
773 441 973 525 lythophngis
995 443 1112 523 ubique
1127 438 1342 522 perforatum,
1357 433 1441 522 quod

221 555 291 618 aliis
318 553 423 616 stratis
447 552 669 634 conchyliferis
694 553 870 616 subiectum
884 559 941 615 est.
959 552 1013 614 llis
1035 551 1150 617 similia
1164 557 1393 612 memorantur
1406 550 1443 611 ab

225 659 395 724 Ambrosio
410 660 537 723 Soldani
550 660 673 722 Abbnte
687 660 917 724 Comaldulensi
933 667 965 722 et
983 659 1217 723 alinldassarri.
1234 656 1325 720 llic1
1341 657 1444 734 tulga·

223 773 251 833 ri
266 771 427 834 diluvione
442 771 602 851 systemati
617 769 675 833 tria
688 771 830 850 opponit:
853 771 876 832 l.
892 772 994 833 Strata
1008 786 1026 832 a
1040 768 1244 849 lytboplragis
1268 766 1442 846 perforata:

222 880 259 941 li.
277 879 439 959 polyparla
453 894 535 960 quae
558 879 758 959 reperiuntur
772 881 804 940 in
820 895 856 940 ea
881 880 949 958 ipso
962 877 1098 940 naturali
1112 875 1283 956 positione,
1301 891 1404 955 quam
1417 876 1443 936 iu

222 990 303 1052 mari
316 988 476 1051 exhibent:
494 987 544 1051 ltt.
562 988 817 1052 distributionem
831 989 1022 1052 concharum
1037 988 1085 1049 vel
1100 986 1237 1049 aliorum
1252 985 1440 1065 aquatilium

220 1114 302 1176 quae
312 1113 406 1176 saepe
417 1113 482 1160 non
496 1097 626 1160 confuse
640 1103 671 1158 et
683 1102 800 1158 temere
811 1097 997 1173 miscentur,
1009 1094 1065 1158 scd
1075 1093 1264 1155 distributae
1275 1092 1439 1156 inveniun-

218 1212 272 1268 tur
285 1205 384 1268 veluti
400 1221 458 1285 per
483 1204 630 1280 familias,
647 1206 733 1285 quod
749 1212 781 1267 et
795 1206 827 1268 in
842 1205 922 1267 mari
944 1206 1141 1269 observatur.
1160 1202 1244 1265 Haec
1258 1200 1441 1264 distributio

218 1314 311 1376 valde
322 1314 415 1376 obvia
430 1319 478 1374 est
492 1318 524 1373 et
537 1332 555 1375 a
569 1313 681 1374 multis
690 1313 849 1391 adnotata,
867 1305 1053 1392 praesertim
1066 1329 1085 1372 a
1098 1307 1252 1373 Saldania
1266 1314 1303 1370 et
1317 1327 1340 1370 n
1352 1308 1439 1372 Broc·

223 1424 274 1485 obi
287 1424 313 1484 3.
331 1423 445 1484 Verum
459 1423 491 1483 id
504 1422 640 1485 maxime
654 1429 702 1484 cst
715 1422 942 1485 advertendum
957 1423 990 1484 in
1004 1421 1159 1484 fossilium
1174 1417 1440 1481 distributiones!

224 1531 315 1606 serie,
329 1529 586 1611 potiusordinem
598 1529 811 1592 successivum
826 1530 1099 1609 creationis,quam
1110 1524 1265 1590 tremendi
1280 1525 1441 1604 cathacly-

226 1638 286 1700 smi
300 1637 571 1718 perturbationem
585 1637 715 1699 indicari
740 1643 835 1718 atque
849 1637 926 1717 ipsis
941 1637 1042 1701 oculis
1056 1632 1297 1716 quodammodo
1320 1630 1440 1696 subiici.

223 1747 485 1826 Praeterea‚quis
507 1745 549 1808 ab
562 1762 599 1806 ca
613 1745 801 1824 repetendas
825 1744 947 1823 putabit
961 1744 1128 1806 continuas
1152 1743 1315 1802 montium
1330 1741 1439 1814 series,

224 1872 361 1938 quorum
387 1853 541 1932 regularia
555 1859 652 1915 strata
674 1853 822 1916 contusas
837 1861 869 1916 et
883 1854 1074 1915 inordinatas
1089 1851 1199 1912 diluvii
1221 1849 1439 1929 depositiones

222 1965 405 2028 nullatenus
419 1963 557 2025 indicare
568 1962 727 2041 videntur,
742 1979 771 2023 e.
786 1979 816 2039 g.
833 1962 1037 2041 Apenninum
1053 1960 1120 2041 qui,
1137 1959 1279 2022 maxima
1295 1967 1440 2038 exparte

224 2071 265 2133 ab
279 2070 368 2151 equis
383 2069 634 2151 genitns‚ntultis
647 2069 679 2131 in
694 2070 771 2132 locis
782 2069 877 2131 maris
890 2069 1017 2130 exuvias
1027 2067 1181 2130 ostendit?
1192 2064 1293 2127 Multa
1303 2066 1440 2129 aliaeius

224 2185 322 2241 strata
337 2178 385 2240 lris
397 2195 503 2240 carere
515 2179 671 2241 videntur:
684 2196 794 2241 verum
805 2177 1095 2256 natura‚dispositio
1106 2182 1138 2237 et
1147 2174 1352 2238 continuatio
1365 2181 1440 2237 stra·

222 2297 328 2359 torum
341 2306 436 2352 unam
452 2290 660 2370 eamdemque
675 2296 884 2368 utrorumque
898 2288 1051 2365 originem
1073 2285 1245 2347 declarant:
1264 2293 1298 2346 et
1313 2285 1370 2348 ubi
1385 2285 1440 2348 de-

222 2407 297 2461 sunt
312 2400 480 2476 grandiora
500 2399 678 2479 conchylia,
695 2416 788 2478 saepe
802 2396 1060 2478 superabundant
1073 2397 1205 2456 minima
1215 2399 1249 2455 ct
1262 2398 1439 2459 microsco·

223 2509 293 2586 pica
305 2507 426 2568 marina
439 2508 638 2586 corpuscula,
654 2509 740 2586 quod
755 2515 787 2570 ct
802 2508 971 2587 praeterito
985 2509 1113 2578 saeculo
1126 2503 1284 2570 saluauit
1299 2506 1439 2568 adverte·

222 2615 276 2676 bat
290 2616 315 2675 ὅ.

256 2755 272 2803 1
291 2754 348 2805 Atti
364 2755 394 2806 di
413 2754 494 2807 Sioua
509 2760 541 2811 T.
560 2760 607 2811 tlt.
627 2773 655 2825 p.
673 2758 735 2811 att.

259 2848 277 2898 A
296 2847 395 2914 Seppio
413 2853 620 2918 orittopooetico
638 2869 666 2920 p.
686 2855 730 2906 tt.

255 2943 274 2993 3
296 2943 433 2996 Goocbiol.
451 2945 542 3012 fossile
559 2947 764 3016 suboppeooioc
785 2954 815 3002 T.
835 2953 858 3002 l.
875 2966 903 3018 p.
924 2952 985 3004 ltu.

251 3041 270 3091 A
288 3041 538 3109 Testnceogrcplrice
557 3052 582 3098 et
599 3044 893 3113 Zooplritoprapbioe...
912 3049 1063 3115 Prolepom.
1074 3061 1100 3108 p.
1120 3051 1155 3103 Xl
1173 3047 1261 3114 (ttae)
1280 3067 1296 3100 a
1307 3053 1440 3108 nubtura

218 3153 233 3185 c
251 3134 382 3199 nonnulli,
393 3150 427 3189 on
444 3138 556 3204 praealti
567 3141 699 3209 Apennini
713 3144 739 3193 in
753 3143 868 3195 Tbuscia
879 3159 910 3196 ex
928 3145 1005 3210 aquis
1022 3144 1133 3197 marinis
1152 3145 1282 3210 originem
1301 3147 1439 3201 duxerint.

221 3236 350 3288 «Incerti
367 3220 453 3290 abnnc
470 3250 590 3291 essemus
618 3251 648 3291 ac
677 3239 729 3292 sub
747 3240 832 3293 iudice
851 3242 885 3294 lis
903 3241 1048 3309 penderet,
1076 3242 1101 3294 si
1118 3241 1307 3307 grandioribus
1327 3247 1439 3313 concbp·

220 3346 236 3378 «
253 3331 299 3382 liis
316 3331 462 3384 dirimenda
480 3334 693 3400 relinqueretur3
713 3336 756 3389 bis
778 3339 871 3401 enirn,
903 3352 1082 3406 quaecumque
1113 3339 1231 3391 estiterit
1249 3353 1367 3406 caussa,
1385 3343 1437 3401 lere

221 3441 236 3472 o
255 3428 342 3478 omnia
359 3435 448 3511 carent
463 3431 663 3494 Apenninorum
681 3439 774 3486 strata.
794 3437 887 3486 Contra
906 3435 969 3488 baec
986 3435 1045 3502 ipsa
1063 3449 1140 3502 saepe
1158 3434 1307 3489 redundant
1327 3440 1438 3492 marinis

220 3538 236 3570 «
254 3524 418 3589 corpusculis
438 3525 555 3580 minimis
571 3527 599 3581 in
617 3529 775 3586 editissimis
793 3531 868 3595 locis,
886 3541 916 3585 ut
934 3534 960 3585 in
980 3548 1011 3586 eo
1028 3534 1070 3586 cui
1083 3549 1176 3587 nomen
1193 3534 1215 3586 il
1227 3533 1340 3588 Foresto
1359 3551 1438 3606 prope

219 3635 235 3667 «
252 3621 441 3687 scaturiginem
458 3627 580 3693 perennis
607 3629 690 3682 fontis
707 3645 737 3684 ex
756 3633 908 3697 qqurnus
925 3638 1012 3684 ortum
1030 3629 1122 3695 ducit,
1141 3633 1212 3684 etin
1235 3633 1301 3697 ipsis
1322 3634 1437 3702 rupibus

216 3733 232 3767 o
250 3717 388 3774 litamine
405 3724 514 3789 montis,
533 3724 561 3776 in
579 3725 628 3780 illa
645 3727 702 3780 eins
719 3733 794 3793 parte
811 3742 876 3795 quaa
894 3728 992 3782 dicitnr
1004 3729 1032 3780 lu
1044 3728 1151 3782 Peoac.
1164 3729 1205 3785 lbi
1216 3730 1257 3784 vel
1269 3733 1378 3801 integra
1392 3733 1435 3787 ad·

218 3826 233 3858 a
251 3825 344 3880 parcnt
369 3824 452 3872 strata
470 3819 697 3886 lapideo-calceria
715 3830 761 3874 ant
778 3825 917 3890 arenaria,
945 3833 1058 3892 utroque
1080 3828 1226 3894 aliqnando
1255 3829 1440 3899 concupitor·

220 3923 236 3956 o
253 3912 398 3978 conchyliis
416 3916 547 3970 minimis.
566 3920 622 3980 Quo
640 3932 703 3972 sone
721 3918 767 3984 lit,
788 3927 816 3971 ut
833 3922 890 3973 inre
908 3922 1003 3974 merito
1020 3926 1196 3991 Apenninus,
1216 3938 1310 3992 magna
1339 3932 1437 3984 saltem

219 4022 234 4054 s
253 4020 284 4058 ex
303 4017 394 4072 porte,
424 4013 458 4064 ab
474 4016 553 4079 aquis
570 4016 635 4067 olim
654 4016 760 4082 genitos
779 4016 936 4070 iudicemus.
955 4023 1040 4074 Huius
1058 4022 1097 4076 rei
1114 4023 1192 4090 plura
1208 4021 1334 4078 dedimus
1352 4040 1434 4095 argu·

218 4119 233 4151 a
254 4114 342 4156 menta
359 4106 387 4158 in
406 4107 554 4175 specimine
570 4112 796 4180 oryctogroplrico.
815 4131 829 4162 o
848 4116 890 4167 Sic
907 4114 966 4183 ipse
983 4118 1002 4169 l.
1021 4133 1044 4170 c.

254 4200 271 4247 lt
286 4201 330 4256 Ad
349 4217 407 4256 rem
425 4207 492 4258 scite
509 4206 657 4260 Bnckland.
676 4215 712 4261 tta
730 4210 820 4274 opinio
834 4247 842 4277 ,
856 4226 923 4278 quae
934 4215 1065 4266 montium
1079 4222 1162 4269 atrata
1175 4218 1263 4270 omnia
1275 4217 1384 4277 diluvio
1395 4227 1439 4280 ad·

221 4295 317 4353 scribit
334 4302 471 4372 mosaico,
501 4305 638 4359 conciliari
662 4308 755 4374 nequit
772 4322 832 4363 cnm
851 4311 956 4371 enormi
972 4311 1095 4369 crassitie
1113 4321 1139 4372 ct
1156 4315 1269 4380 infinitis
1286 4332 1356 4389 pens
1374 4324 1436 4381 snb
