2970 5002
132 274 189 356 124

129 414 318 483 elevationes
335 420 436 478 terrae
452 414 532 493 ignis
546 415 576 476 vi
597 416 702 478 factas
716 415 951 493 confugiamus.
966 406 1069 479 Etiam
1082 421 1257 498 antequam
1270 399 1349 482 istae

129 523 242 586 tierent
256 572 264 607 ,
277 525 320 591 ,in
341 541 378 588 ea
399 524 486 605 globi
507 538 595 606 parte
616 543 698 606 quae
719 526 859 588 solidum
882 526 945 586 iam
968 532 1086 587 statum
1118 521 1349 610 acquisiverat,

131 632 311 713 supponere
335 635 408 696 licet
429 642 547 699 tractus
571 635 695 716 aliquos
717 636 790 715 plus
803 634 926 696 'ceteris
950 625 1102 710 elevatos,
1128 634 1176 714 (ut
1189 622 1227 697 et¹
1237 613 1272 698 in
1292 655 1349 718 po·

128 744 190 807 mis
212 745 247 804 tit
271 739 292 821 l:
315 752 408 823 atque
424 744 455 806 bi
477 753 598 808 tractus
621 746 689 809 iure
707 745 774 826 ,diei
795 752 914 806 montes
927 751 1112 823 potuerunt.
1129 743 1348 812 Verosimilius

133 859 237 916 tamen
259 852 396 932 videtur,
418 860 543 915 montes
568 852 646 916 istos
668 853 729 915 sub
751 853 998 934 aquis'stantes
1034 845 1098 914 non
1130 852 1218 917 aliud
1252 854 1349 918 luisse

136 979 230 1041 quam
253 969 359 1024 terras
376 962 407 1024 in
429 970 555 1024 montes
578 962 757 1024 elevandae.
787 1018 790 1024 ,
900 978 904 986 ’

151 1126 153 1131 ,
177 1070 294 1137 xtvtt.
320 1072 453 1134 Tertius
467 1072 535 1135 dies
556 1071 764 1151 probabiliter
785 1070 881 1134 debili
902 1073 976 1134 luco
999 1073 1199 1137 illuminatus
1223 1075 1296 1155 luit,
1321 1083 1351 1138 ut

138 1183 177 1243 de
201 1182 342 1244 seeundo
358 1160 562 1262 {§XXXlX)
589 1175 678 1245 dixi:
700 1180 880 1244 verosimile
900 1191 960 1254 est,
984 1183 1157 1262 aliquando
1174 1168 1286 1247 minus'
1298 1185 1349 1246 de-

136 1290 238 1353 bilem*
253 1291 335 1356 banc
358 1290 463 1356 lucem
484 1290 594 1372 luisse,
618 1292 833 1377 praecipitatis
854 1296 988 1358 err-'aere
1009 1283 1128 1354 multis
1153 1293 1264 1372 opacis
1297 1301 1348 1357 aut

140 1398 346 1478 semi-opacis
366 1397 545 1462 moloculis.
716 1405 718 1409 ’
764 1403 767 1415 “
1207 1410 1209 1414 ’

147 1563 150 1567 ,
178 1507 210 1569 Si
232 1523 364 1577 necesse
384 1514 434 1570 est
454 1507 596 1570 invenire
609 1508 837 1571 obscuritatem
854 1508 940 1588 'quae
957 1521 1086 1587 vespera
1111 1507 1237 1571 dicatus
1262 1510 1349 1573 buius

139 1615 213 1692 diei,
238 1634 302 1680 non
322 1616 462 1686 absurda
482 1617 648 1697 hypothesi
671 1621 746 1680 eam
763 1617 985 1679 indicabimus.
1011 1617 1121 1694 Magna
1156 1619 1204 1679 vis
1226 1636 1266 1680 ex
1291 1619 1348 1682 imo

141 1730 174 1790 in
197 1728 297 1790 altum
320 1735 445 1788 terrena
459 1729 543 1790 <satis
566 1737 695 1790 extensa
720 1743 830 1806 agens,
853 1733 950 1808 atque
961 1727 1002 1789 ad
1016 1730 1057 1788 ea'
1066 1744 1164 1806 super
1177 1745 1278 1808 aquas
1290 1719 1350 1790 ate

140 1838 246 1901 venda·
262 1837 388 1915 idonea,
412 1837 439 1899 si
463 1853 526 1899 uno
548 1844 604 1898 aut
616 1837 684 1898 fere
695 1836 809 1898 eodem
824 1843 968 1916 tempore
982 1837 1014 1898 in
1028 1836 1144 1897 multis·
1164 1827 1273 1899 terrae
1289 1857 1353 1918 par·

142 1947 229 2008 tibus
251 1946 361 2024 iisque
373 1945 456 2006 inter
477 1961 512 2007 se
532 1942 653 2005 dissitis
674 1950 805 2021 operata
825 1951 885 2020 est,
907 1945 1013 2024 potuit
1028 1941 1160 2006 materia
1182 1938 1308 2007 eximo
1323 1948 1352 2005 in

142 2059 251 2116 aerem·
270 2053 424 2115 eiaculata
444 2052 673 2129 obscuritatem
693 2051 867 2133 quamdam
883 2053 1071 2131 producere,
1092 2047 1131 2114 ¹ut
1151 2046 1247 2133 saepe
1269 2053 1304 2116 iit
1324 2055 1353 2115 in

48 2169 51 2173 '
142 2163 248 2243 aliqua
270 2169 359 2242 parte
378 2162 460 2223 aeris
482 2179 581 2242 quum
606 2160 854 2240 ignivomarum.
875 2140 1049 2225 montium
1067 2156 1173 2224 lauces
1198 2152 1352 2225 eructant.

144 2276 275 2338 Praeter
294 2271 490 2338 eiaculatam.
506 2271 683 2350 materiam,
706 2287 854 2348 magnam
877 2287 1004 2352 quoque
1034 2263 1161 2352 vaporis
1187 2265 1252 2335 vim
1288 2280 1355 2336 tunc

144 2386 298 2454 elevatam
319 2389 351 2444 et
378 2399 453 2466 cum
474 2397 591 2460 vapore
611 2379 794 2442 innumeras
825 2380 1050 2457 beteroganeas
1085 2381 1259 2460 particulas
1281 2400 1354 2465 quaa

145 2497 178 2557 in
199 2510 280 2574 aqua
301 2497 378 2555 tunc
400 2496 515 2567 erant,
535 2487 703 2549 aestimare
737 2466 1010 2577 possumusaNec
1031 2497 1079 2550 est
1112 2475 1251 2552 necesses
1282 2509 1352 2570 per-

146 2602 261 2664 fectam
282 2614 401 2679 ponere
425 2594 663 2663 obscuritatem:
688 2612 753 2658 non
777 2595 874 2670 enim,
897 2601 934 2656 ut
953 2595 1019 2657 iam
1037 2595 1115 2676 dixi,
1138 2598 1290 2661 tenebrae
1313 2597 1359 2660 bic

146 2712 363 2775 memorantur
379 2711 435 2765 aut
456 2717 530 2776 nox,
556 2701 611 2764 sed
633 2703 853 2765 tantummodo
873 2719 1016 2782 uespera.
1219 2698 1222 2706 '

191 2815 256 2876 Noc
276 2811 356 2874 illud
379 2817 465 2874 caret
487 2810 739 2892 probabilitate,
764 2811 834 2890 ipso
858 2810 947 2872 initio
979 2811 1103 2877 dierum
1127 2801 1361 2891 'genesiacorun‘

148 2923 264 3006 quarti,
285 2920 392 3001 -quinti
414 2928 446 2986 et
466 2921 560 2998 senti,
583 2927 647 2983 tres
668 2919 882 2992 revolutiones
917 2919 1017 2983 fuisse
1052 2923 1084 2983 in
1120 2921 1235 2985 tellure
1273 2933 1307 2986 et
1328 2925 1363 2986 ab

150 3033 200 3094 bis
221 3029 413 3093 elevationes
435 3046 546 3106 novas,
569 3028 705 3100 maiores
720 3027 825 3090 adbuc
843 3027 881 3089 iis
903 3045 981 3109 ques
1003 3031 1095 3091 tertia
1120 3031 1198 3093 haee
1213 3035 1362 3112 periodus

152 3139 295 3218 adduxit,
318 3139 489 3220 prolectas.
504 3137 805 3198 Animadverterunt
828 3135 957 3214 Geologi
976 3185 984 3215 ,
1006 3137 1062 3200 bas
1083 3138 1207 3201 telluris
1226 3151 1365 3220 'pertur-

152 3251 322 3328 bationes,
359 3255 395 3312 ut
428 3247 534 3308 minus
555 3249 704 3327 antiquae
740 3250 839 3318 sunt,
863 3246 907 3307 ita
929 3247 1066 3328 maiores
1088 3247 1219 3310 effectus
1243 3252 1367 3330 produ·

145 3362 262 3435 ¹atisse3
285 3365 354 3424 tum
375 3371 503 3437 quoque
523 3353 573 3416 val
594 3362 667 3422 ante
702 3354 760 3421 has
781 3350 1038 3433 perturbationes
1075 3357 1228 3420 accidisse
1260 3358 1312 3420 vel
1332 3359 1367 3420 ab

153 3468 199 3529 eis
220 3464 317 3528 luisse
340 3462 486 3526 inductas
508 3462 699 3527 mutationes
720 3463 875 3547 quasdam
897 3463 929 3528 iu
949 3482 1031 3544 aqua
1051 3473 1084 3526 et
1108 3466 1140 3527 in
1164 3469 1238 3528 aere
1260 3466 1367 3546 magni

154 3574 320 3653 momenti,
342 3572 458 3655 quibus
482 3572 675 3650 factumest,
698 3580 734 3634 ut
755 3573 832 3636 baec
857 3574 960 3637 media
981 3573 1184 3640 exsistentiae
1205 3591 1243 3638 ae
1265 3578 1387 3654 nutri-n

155 3686 234 3749 tioni
254 3671 409 3749 novarum
431 3683 580 3746 classium
601 3684 772 3748 viventium
806 3690 879 3764 apta
908 3683 1125 3747 redderentur.
1163 3684 1254 3747 Certe
1283 3688 1370 3748 valde

153 3794 321 3888 probabile
342 3795 477 3874 videtur,
498 3793 637 3873 aliquam
658 3793 692 3854 in
713 3797 787 3856 aere
807 3794 880 3855 ante
903 3793 1071 3873 periodum
1095 3801 1241 3875 quartam
1266 3804 1368 3860 muta-

156 3902 277 3970 tionem
297 3902 462 3978 aceidisse,
485 3918 525 3963 ex
546 3917 609 3982 qua
632 3901 790 3983 diapbana
810 3901 921 3983 effecta
944 3901 1088 3982 superior
1122 3919 1196 3983 pars
1217 3904 1313 3981 aeris,
1339 3922 1369 3965 a·

156 4015 295 4077 atrorum
317 4010 419 4078 visum
441 4009 594 4089 permisit,
618 4011 660 4074 Et
686 4011 769 4074 cocto
801 4018 906 4074 terras
929 4011 1067 4074 ostendit
1091 4017 1121 4074 et
1155 4011 1286 4074 aethera
1312 4019 1371 4081 ter,

155 4117 203 4182 ria
222 4119 261 4194 l,·
283 4117 359 4191 item
381 4117 609 4195 mutationibus
631 4135 694 4189 non
716 4119 820 4212 parvis
842 4119 992 4207 periodos
1011 4118 1157 4201 quintam
1188 4125 1221 4182 et
1242 4125 1367 4198 sextam

195 4357 211 4418 l
229 4354 307 4415 ovid.
326 4353 394 4416 utet·
412 4357 433 4415 t.
