2970 5002
1237 296 1277 358 di

53 441 239 510 oppdanffl,
250 441 335 522 μήθ
354 438 369 489 t
382 427 512 517 adparet
525 428 685 496 terrenum
694 430 853 511 quoddam
867 432 893 495 A
905 427 1101 509 inclinatum,
1117 450 1275 515 superpo-

58 558 157 617 situm
175 552 286 616 veroB
305 546 498 613 horizontate
515 563 523 621 ;
539 543 613 604 alibi
628 545 645 594 2
663 541 690 603 A
705 546 737 602 et
749 541 774 602 B
788 533 1009 604 concordantia
1029 551 1105 604 sunt
1125 552 1157 606 et
1179 545 1272 607 inoli-

58 669 146 740 nata;
160 664 183 724 C
197 679 273 724 vero
291 655 538 739 superpositum,
553 649 763 725 horizontale;
779 649 882 710 alibi³
902 658 1025 712 terrena
1040 654 1078 727 Α,
1095 654 1127 727 Β,
1145 654 1167 716 C
1183 656 1276 718 ineli-

56 780 133 834 nata
147 778 234 847 sunt,
250 777 281 830 et
294 768 319 829 D
339 761 613 845 superimponitur
628 757 822 823 horizontale
839 764 900 818 ete.
911 775 914 780 ·
924 758 1001 819 ilino
1016 760 1192 839 deducitur,
1209 765 1276 843 pri-

56 896 144 943 mam
166 878 373 940 elevationem
390 872 507 936 terreni
531 866 784 946 Apraeoessisse
805 860 1027 928 formationem
1049 868 1083 944 B;
1101 873 1274 934 secundom

59 988 176 1049 foetam
194 986 294 1048 luisse
316 985 399 1045 inter
418 977 654 1059 depositionem
666 974 689 1036 B
703 980 735 1035 et
749 975 881 1036 alteram
896 975 930 1052 C;
951 977 1077 1040 tertiam
1103 995 1178 1042 vero
1194 981 1275 1042 inter

57 1093 178 1155 Ceti).
256 1130 259 1140 ‚

62 1230 65 1235 ·
99 1202 266 1264 Praeterea
293 1211 386 1274 saepe
400 1193 555 1274 quaedem
569 1187 840 1254 exhisceterrenis
854 1193 886 1251 in
896 1191 1005 1254 multis
1017 1193 1201 1271 regionibus
1219 1213 1283 1260 non

62 1306 277 1386 reperiuntur,
294 1302 367 1364 licet
378 1299 483 1362 adsint
497 1298 644 1361 inferiora
664 1306 697 1360 et
710 1299 873 1376 superiore
895 1305 1030 1376 terranea
1045 1318 1138 1379 saepe
1153 1303 1183 1363 in
1200 1304 1276 1383 qui-

64 1414 200 1476 busdam
217 1412 349 1474 terronis
370 1407 573 1488 reperiuntur
586 1407 761 1468 sedimenta
771 1405 936 1486 palustria
955 1424 1012 1469 seu
1036 1426 1136 1489 aquae
1149 1459 1157 1485 ,
1172 1420 1208 1475 ut
1224 1412 1276 1474 di-

59 1528 141 1585 eunt
155 1570 162 1601 ,
176 1519 290 1595 duleis,
304 1519 434 1582 omnino
455 1532 473 1576 a
494 1515 624 1578 marinis
645 1515 796 1578 seiuncta:
814 1531 909 1594 saepe
933 1525 1098 1580 terrestres
1112 1521 1273 1586 inveniun-

62 1636 115 1691 tur
130 1628 260 1706 exuviae
282 1632 314 1688 et
335 1623 521 1704 praesertim
546 1622 683 1684 maxima
707 1621 798 1701 eopia
818 1621 1008 1699 vegetulium
1023 1625 1274 1694 substantiarum

61 1755 143 1817 quae
157 1735 328 1817 aliquando
351 1732 450 1794 se‘ibi
469 1731 607 1808 viguisse
628 1730 801 1792 ostendunt
821 1731 905 1792 uude
926 1730 1131 1798 effodiuntur:
1151 1753 1206 1800 ¹eu
1228 1739 1277 1802 his

30 1846 32 1851 '
60 1844 215 1924 sequitur,
229 1843 382 1922 quasdam
401 1837 578 1916 regionese
601 1837 682 1898 mari
704 1853 854 1912 emersas,
872 1845 945 1915 post
965 1845 1083 1900 certam
1097 1845 1276 1924 periodum,¹

60 1958 181 2018 iterum
202 1952 263 2015 sub
284 1957 382 2031 aquas
397 1947 566 2026 resedisse,
588 1954 625 2008 ut
644 1947 761 2010 iterum
777 1947 916 2011 exnovis
938 1948 1066 2011 marinis
1089 1927 1304 2019 sedimentiss

58 2063 252 2125 incramenta
273 2060 459 2138 reciperent.

105 2170 140 2229 ln
161 2167 278 2228 intimis
292 2172 324 2227 et
334 2163 565 2242 aptiquioribns
578 2164 684 2225 stratis
695 2163 910 2242 fossilisa‘rr'st
924 2166 1119 2233 effodiuntur
1130 2189 1192 2234 una
1204 2180 1280 2238 cuni

60 2274 255 2356 quibusdam
268 2269 433 2349 neophytis
447 2274 479 2331 et
493 2268 647 2343 testaceis,
664 2269 781 2331 nostris
805 2270 946 2333 maribus
968 2273 1095 2350 ignotis,
1119 2287 1281 2343 orustaeea

60 2382 219 2464 quaedam
230 2397 270 2442 ex
284 2379 404 2443 inmitia
427 2376 821 2458 trilobitaramappallata‚
836 2395 916 2458 quae
937 2380 968 2444 in
983 2381 1075 2461 plura
1096 2403 1211 2462 genera
1226 2391 1278 2451 di-

67 2490 233 2558 stribuitur
256 2495 405 2568 atquem
426 2493 498 2548 ante
523 2487 658 2564 primam
680 2485 880 2548 existentiam
907 2489 1092 2555 animalium
1117 2499 1280 2560 vertebra-

62 2609 170 2662 torum
184 2597 314 2677 periisse
327 2596 459 2659 eredunt
479 2593 615 2672 geoiogi:
634 2596 794 2657 nonenim
810 2594 841 2656 in
856 2598 1072 2676 superioribus
1096 2606 1201 2666 stratis
1217 2624 1276 2669 nee

62 2709 96 2769 in
118 2705 209 2782 mari,
223 2713 258 2771 ut
278 2715 431 2781 nunoest,
456 2704 622 2783 reperitur.
648 2705 682 2765 ln
698 2702 746 2766 his
769 2706 988 2776 terrenissunt
1010 2717 1107 2771 strato
1129 2713 1280 2776 carboni-

64 2815 130 2876 iera
146 2822 178 2874 et
203 2812 403 2874 anthracites.
427 2811 509 2873 Haeo
531 2818 654 2873 terrena
679 2811 784 2873 statim
807 2814 923 2891 excipit
949 2821 1108 2880 terrenum
1132 2821 1279 2885 corboni-

62 2941 131 2986 onm
143 2919 173 2998 ὕ,
184 2940 224 2984 ex
238 2939 301 3002 quo
314 2920 449 2983 maxima
464 2920 611 2984 effoditur
625 2921 716 3000 copia
731 2920 877 2983 carbonis
900 2922 1017 2985 fossilis
1039 2935 1071 2988 at
1094 2931 1213 2992 multae
1229 2950 1279 2994 ve·

64 3032 241 3110 getantium
263 3031 415 3111 reliquiae
438 3047 518 3109 quae
532 3030 761 3107 vegetationem
777 3031 852 3093 satis
873 3030 1014 3095 adultam
1029 3036 1181 3114 produnt.
1200 3042 1278 3108 Tum

62 3141 217 3220 adparere
238 3139 394 3217 incipiunt
418 3137 580 3218 conchylia
603 3154 698 3215 parva
719 3155 819 3217 aquae
840 3138 941 3200 dulcis
969 3144 1152 3221 etquidem
1172 3151 1278 3226 pisces

62 3247 239 3326 soaroides,
252 3249 306 3328 qui
328 3245 635 3324 onnononnmpiius
657 3246 688 3306 in
710 3247 800 3325 aquis
815 3246 1026 3325 reperiuntur.
1041 3251 1144 3316 Attius
1167 3273 1283 3323 ascen:

64 3358 171 3419 dendo
184 3369 202 3420 a
217 3356 358 3418 detectae
370 3361 445 3418 sunt
455 3353 627 3433 reptilium,
636 3369 752 3432 nempe
766 3353 988 3418 souriunorum
998 3355 1007 3437 l
1017 3362 1138 3436 magnis
1152 3362 1277 3431 lacertis

63 3463 216 3544 affinium)
232 3466 372 3528 exuviae.
397 3462 431 3524 ln
448 3463 610 3541 superiore
631 3469 756 3523 terreno
769 3461 874 3542 (trlos
885 3464 1025 3545 vocatur)
1038 3470 1166 3549 vestigia
1179 3475 1279 3554 adpe-'

62 3579 223 3651 rentquae
244 3571 400 3634 aberium
422 3569 555 3652 pedibus
570 3568 961 3654 impressaoreduntur,et
983 3573 1113 3641 alterius
1134 3584 1278 3648 animan-

98 3738 114 3787 t
133 3735 199 3790 Tab.
218 3738 267 3789 111.
287 3734 332 3800 fig.
351 3738 380 3788 2.

98 3833 200 3886 atah.
219 3833 266 3884 ltt.
285 3832 329 3897 fig.
347 3835 374 3884 ³.

98 3930 115 3979 3
134 3928 199 3981 Tab.
220 3931 266 3980 nr.
285 3928 331 3993 tig.
349 3930 377 3980 l.

95 4028 115 4077 d
133 4030 245 4080 Terrena
264 4021 421 4079 cambrione
438 4033 465 4078 et
481 4028 620 4081 saturioro
638 4031 817 4100 appellantur:
831 4031 910 4084 huius
924 4045 988 4100 pars
1007 4034 1129 4101 superior
1144 4039 1218 4094 audit
1232 4049 1283 4098 tor·

61 4138 158 4178 renum
176 4125 358 4177 devotionum
377 4139 390 4175 a
409 4127 583 4179 Deronslrire.

97 4222 115 4271 5
135 4221 250 4274 Tarroin
266 4220 535 4275 leonilleanllorum.

99 4317 116 4366 e
134 4316 239 4371 scilieet
255 4317 283 4372 in
301 4325 432 4376 terrenum
450 4318 522 4387 quod
537 4333 687 4387 pensorum
704 4323 845 4393 appeltam.
