2970 5002
152 310 158 333 '
245 303 304 365 108

246 456 264 497 a
289 443 320 497 et
334 435 477 515 ,syriacae
499 437 620 497 tir-mata
635 436 782 513 diximus,
801 454 913 503 nemen
931 430 1029 550 W]
1046 436 1182 498 uenerit
1207 452 1389 516 expensam
1406 436 1450 498 sed

239 560 449 639 «tentatam,
476 575 544 635 seu,
571 562 605 618 ut
628 557 780 620 vocabulo
805 560 950 638 vulgatae
974 533 1057 640 utar,
1077 562 1316 640 firmeereetem
1338 561 1446 622 Geni

245 687 258 722 o
284 667 313 742 6,
329 667 378 726 rix
393 672 496 745 potest
508 667 567 726 nisi
560 665 801 745 atmesphaera
815 685 897 742 esse,
919 669 1177 749 recorporare
1195 671 1308 746 sieque
1319 677 1356 729 et
1368 668 1446 730 Eaee.

241 790 259 832 a
284 770 306 845 i,
321 772 372 849 at,
400 773 451 850 22,
466 772 520 833 ubr
535 748 655 835 beers
663 775 896 854 proruentem
908 783 958 838 est
972 790 1085 838 currus
1097 775 1152 836 Der
1168 777 1321 837 tonantis
1340 776 1447 836 »Addo

240 881 380 959 potuisse
394 880 552 943 Hebraeos
568 898 676 944 vocem
683 903 785 963 ,quae
800 886 926 965 proprie
941 885 1097 962 significat
1111 885 1283 964 firmatum,
1303 901 1444 962 usurpare

240 987 280 1046 ad
296 987 536 1063 significandum
552 999 728 1052 extensum.
742 992 786 1053 tta
802 992 875 1054 Luc.
892 991 971 1067 xvi,
984 993 1034 1053 26:
1051 994 1138 1054 iuter
1163 1009 1220 1054 ees
1234 1002 1265 1054 et
1290 1009 1350 1054 ves
1367 991 1443 1052 Choes

238 1113 392 1173 uenenum,
409 1107 591 1178 εστήρικται,
606 1102 767 1178 fireretem
781 1107 843 1162 est:
856 1102 887 1161 h.
900 1118 928 1162 e.
943 1107 1177 1164 eereesemest.

278 1207 331 1268 His
344 1213 699 1292 praemissis‚quaeritur
714 1194 760 1273 is⁰
771 1211 954 1292 quidiioses
968 1212 1188 1289 significaverit
1202 1212 1338 1273 nomine
1353 1211 1440 1272 firma·

237 1320 345 1378 menti.
357 1318 400 1380 2:
415 1321 490 1398 quid
504 1339 657 1400 aquarum
673 1322 811 1383 nemine.
825 1321 919 1382 Miror
934 1319 1080 1400 equidem
1096 1319 1263 1398 scripsisse
1277 1319 1432 1391 Petariurn,

239 1426 382 1488 omnium
402 1429 662 1507 quaeinmesaiea
673 1430 728 1490 ista
743 1430 920 1491 narratione
932 1427 1376 1502 continentur,rliflicillimum
1387 1442 1436 1488 esse

238 1549 320 1609 epus
335 1532 397 1593 diei
412 1536 566 1596 secundae
580 1536 610 1596 in
625 1554 685 1615 qua
698 1535 928 1596 iirmamentum
942 1536 1118 1596 factumest
1140 1536 1239 1613 quod,
1255 1535 1343 1596 inter
1361 1549 1432 1613 aquas
1474 1559 1477 1619 Ι

228 1640 462 1718 ,interpositum
478 1692 485 1718 ,
503 1644 681 1723 superiores
707 1643 747 1704 ab
769 1642 969 1705 inferioribus
983 1642 1112 1705 dirimit.
1128 1641 1204 1705 Mihi
1218 1645 1320 1724 iunge
1340 1641 1434 1706 t'aeitius

237 1746 299 1825 hoe
314 1748 436 1812 videtur
459 1753 499 1829 ari
514 1751 748 1831 explicandum,
763 1767 858 1831 quam
871 1769 951 1832 opus
965 1752 1085 1831 primae
1098 1752 1171 1829 diei.

276 1855 414 1919 XXXiX.
431 1857 533 1937 Atque
549 1859 607 1919 hoe
620 1861 652 1920 in
666 1876 699 1918 re
710 1859 943 1938 simplicissima
957 1859 1085 1922 omnino
1099 1859 1310 1938 praeferende
1326 1860 1392 1924 nrihi
1402 1856 1429 1917 ri·
1476 1891 1477 1899 κ

236 1966 329 2028 detur
353 1967 518 2046 expositio:
550 1967 792 2028 Fir-momentum
818 1984 931 2047 nempe
959 1967 1023 2028 sive
1048 1969 1270 2031 extensionem
1297 1969 1432 2031 haeresse
1476 2016 1477 2044 3

235 2076 339 2132 aerem
361 2073 423 2133 sive
451 2072 714 2153 atmosphaeram,
743 2083 888 2162 autenm
914 2082 1033 2152 partem
1049 2074 1146 2153 ipsius
1160 2093 1244 2171 quae
1261 2093 1327 2140 uon
1347 2075 1428 2136 adne-
1476 2066 1477 2074 '

228 2159 311 2244 'dum
337 2181 454 2243 elevata
470 2190 517 2243 est
528 2199 564 2242 ec
578 2183 700 2256 tenuis,
718 2183 772 2242 sed
788 2198 909 2262 quaec
901 2181 1071 2243 etinferior
1100 2183 1259 2263 terrisque
1274 2185 1405 2259 vicinae
1393 2178 1428 2242 utri

229 2291 336 2354 'nubes
351 2291 527 2354 subsistunt
532 2308 611 2372 ,per
623 2308 718 2370 quam
733 2308 805 2351 aves
819 2291 962 2365 volitant,
965 2297 1006 2352 et
1017 2291 1113 2352 homo
1127 2291 1223 2351 etlam
1236 2293 1429 2369 globisaeree·
1476 2272 1477 2335 Ϊ

226 2400 353 2464 'statiuis
366 2401 490 2462 adiutus
503 2417 742 2479 nonnumquam
755 2400 990 2463 aseendit.iiaec
1004 2407 1087 2461 certe
1098 2402 1344 2480 atmosphaerae
1355 2378 1430 2482 portio
1474 2435 1477 2445 ·

229 2517 365 2569 uocatur
380 2507 497 2569 coelem
514 2506 621 2588 (qued
636 2507 720 2567 idem
734 2525 852 2574 esseae
869 2504 1101 2569 tirmament'um
1114 2507 1207 2569 docet
1220 2509 1328 2573 Moses
1343 2509 1353 2590 J
1377 2509 1429 2569 etio

229 2613 403 2696 ‘Scripturis
418 2622 449 2676 et
463 2616 496 2676 in
508 2614 629 2692 vulgari
640 2628 815 2694 sermonesst
828 2632 890 2694 quo
906 2616 1081 2695 Scriptores
1097 2615 1176 2675 sacri
1192 2634 1258 2678 non
1272 2619 1434 2681 abhorrent:

232 2725 275 2786 ita
288 2727 370 2787 enim
387 2725 523 2804 tegimus
542 2727 567 2785 1:
589 2723 646 2798 (ret
660 2723 759 2803 operit
775 2722 1045 2798 ceeteermrbiees
1064 2734 1094 2788 et
1111 2722 1130 2774 ²
1145 2724 1245 2786 triste
1258 2734 1292 2787 et
1315 2727 1436 2788 rubicun-

235 2832 306 2894 rtem
319 2832 448 2893 coelam:
463 2839 537 2894 sunt
554 2841 584 2893 et
600 2832 657 2892 ista
672 2829 806 2907 vutgata:
823 2828 965 2892 uolucres
980 2831 1102 2909 coutet
1112 2829 1436 2898 similia.Pauilo·inira

231 2930 399 3026 audiemus
414 2940 521 3001 Mosen
547 2939 702 3000 dicentem
717 2936 878 2998 eetutr'tem
898 2937 1005 3000 vetere
1016 2955 1109 3017 super
1121 2938 1240 3018 sociem
1263 2937 1438 3021 firmarent

228 3047 314 3109 ‘coele'
339 3046 380 3128 (v.
396 3049 436 3109 ί20
451 3046 569 3128 licite).
584 3047 615 3106 S.
633 3050 766 3111 Thomas
784 3045 800 3096 3
815 3046 868 3108 ait:
887 3067 904 3108 t(
920 3045 1027 3107 Potest
1047 3046 1179 3123 intelligi
1198 3056 1240 3108 ut
1264 3067 1326 3128 per
1352 3048 1441 3110 firma·

232 3164 392 3231 mentum,
420 3157 505 3235 quod
528 3156 642 3233 legitur
664 3158 804 3218 secundo
829 3157 878 3217 die
904 3155 1031 3229 factum,
1049 3169 1111 3214 non
1125 3141 1333 3231 intelligatur
1348 3157 1439 3216 tinna-

239 3282 253 3317 r
275 3272 417 3324 mentum
434 3265 513 3324 rttud
525 3264 556 3323 in
572 3281 635 3342 quo
652 3264 730 3323 tisae
752 3274 826 3325 sunt
852 3263 970 3335 stellae,
983 3261 1042 3320 'sed
1058 3260 1110 3318 itia
1125 3277 1198 3338 pars
1221 3267 1311 3324 aeris
1335 3267 1368 3323 in
1390 3276 1438 3340 qua

229 3370 468 3432 'condensantur
491 3371 590 3431 nubes
613 3380 673 3431 etc.
698 3391 715 3431 <r
779 3370 860 3445 Aug.
876 3370 919 3428 25²
934 3371 1009 3446 sup:
1027 3368 1102 3428 Gen.
1119 3368 1158 3428 ad
1181 3367 1231 3428 iit.
1254 3371 1342 3431 hanc
1357 3384 1442 3446 espo-

237 3497 251 3532 α
275 3476 421 3539 sitionem
438 3476 660 3540 commendans
683 3479 770 3538 dicit:
788 3480 873 3538 Heee
897 3475 1175 3538 consecrationem
1189 3475 1287 3538 leude
1303 3475 1443 3557 dionissi-

233 3584 250 3642 ²«
272 3604 355 3646 mene
367 3585 480 3647 iudice:
496 3585 575 3665 quod
589 3585 670 3646 enim
684 3586 881 3664 ttieeitmeqtre
895 3591 941 3645 est
955 3592 1064 3644 ceetre
1079 3582 1193 3659 Fidem,
1207 3592 1239 3644 et
1257 3587 1293 3646 irr
1305 3591 1444 3666 prompte

233 3713 250 3754 a
270 3694 373 3774 posite
388 3693 567 3754 decurrente
579 3692 775 3770 credipotest
799 3713 828 3752 r.
851 3692 1062 3752 iiiezeecctrius
1078 3687 1202 3769 scribit,
1221 3694 1309 3756 hanc
1327 3671 1443 3755 senten-

231 3802 308 3863 'rianr
334 3819 427 3881 quam
443 3803 510 3881 ipse
538 3802 689 3879 sequitur,
709 3801 773 3861 PP.
789 3806 818 3861 et
839 3798 1215 3876 Theoieeeremeerrserrsu
1232 3803 1312 3864 niti.
1338 3803 1443 3864 Revera

231 3888 261 3968 'ci
288 3902 503 3973 assentiuntur
516 3910 684 3988 Repertus
700 3908 899 3985 Euguoinus,
913 3908 1066 3984 Peresius,
1081 3905 1254 3983 Gregorius
1270 3913 1314 3970 de
1339 3911 1441 3973 Valen-

167 4043 169 4048 .
229 4016 286 4115 tie,
302 4019 443 4080 Petarius
458 4019 554 4081 etalii
569 4018 673 4080 multi.
688 4017 800 4081 Nectit
816 4034 860 4091 ca,
879 4014 1066 4095 quibusdam
1078 4016 1112 4075 in
1128 4016 1327 4094 iorisalieni
1345 4020 1444 4081 viden-

267 4194 281 4241 1
303 4195 345 4240 rs.
366 4162 492 4239 extu.¹

262 4289 373 4339 enarr.
394 4287 459 4338 xri.

268 4383 323 4433 or.
344 4388 371 4434 r.
392 4396 417 4449 q.
437 4380 554 4435 ixian.
576 4395 612 4432 ar.
635 4389 659 4436 1.
692 4429 696 4442 ,
