2970 5002
139 295 201 358 1⁷2

141 451 159 492 a
182 433 420 509 praecesserunt
442 425 617 498 secundnm
641 423 896 498 similitudinem,
910 425 991 486 sicut
1014 423 1138 488 animae
1169 428 1333 506 'qlrac‘nunc
1373 432 1374 451 ³

141 557 159 598 a
183 543 339 598 creantur.
362 556 376 591 a
401 533 512 613 Neque
531 533 594 594 hae.
610 532 773 594 doctrinae
795 532 853 611 ipsi
877 531 1064 611 peculiares,
1088 532 1144 592 sed
1169 544 1333 597 communes

140 649 231 704 erant
253 640 474 729 peripateticae
495 640 622 702 scholae
642 657 722 720 quae
743 657 800 720 per
822 638 914 721 plura
933 639 1042 702 lloruit
1078 642 1216 702 saccula.
1235 640 1274 703 lta
1287 643 1333 704 l‘c·

133 732 208 831 trus
225 746 428 816 ¹bombardus
460 750 485 807 1:
511 767 529 809 rr
552 733 659 810 Potest
675 727 776 821 dici,
799 746 885 828 quod
910 763 947 808 aa
970 734 1061 826 'quae
1094 746 1133 806 de
1166 748 1332 835 cerporibus

144 876 158 913 a
181 854 386 931 animalium,
409 841 544 916 maxime
568 861 792 944 mortuorum,
819 861 1022 932 nascuntur,
1052 844 1127 916 curn
1162 853 1331 917 animalibus

140 983 159 1023 a
181 970 284 1024 creata
307 979 372 1024 non
394 960 535 1037 luerint,
560 963 618 1046 nisi
643 960 856 1042 potentialiter
870 960 908 1021 'et
929 961 1182 1022 materialiter.»
1203 961 1297 1024 Etiam
1312 981 1333 1024 s.

139 1069 355 1131 Bonaventura
373 1070 391 1121 ²
411 1069 508 1148 dicit,
534 1069 586 1129 illa
607 1068 703 1132 fnisse
719 1067 876 1148 producta
895 1068 931 1130 io
954 1068 1021 1130 anis
1045 1068 1219 1148 principiis
1245 1077 1273 1131 at
1292 1088 1333 1130 ro·

77 1163 80 1169 ’
141 1177 279 1247 tionibus,
302 1172 517 1267 seminaliter.
540 1176 768 1258 nodomarius
788 1195 807 1239 a
827 1171 997 1256 Lipider:
1022 1178 1182 1240 «Minuta
1209 1179 1332 1239 animalia

140 1309 158 1348 a
180 1302 262 1365 quae
284 1302 325 1347 ex
344 1275 481 1363 sudore,
503 1285 702 1346 exhalatione
715 1292 771 1348 aut
785 1270 1014 1365 putrefactione
1028 1295 1225 1368 nascuntur,
1236 1289 1276 1350 nti
1290 1303 1331 1366 pu·

141 1408 158 1451 a
180 1382 266 1467 lices,
282 1409 401 1467 mures,
423 1393 540 1472 aliique
561 1391 746 1469 vermiculi,
771 1409 836 1471 non
857 1392 986 1456 inerunt
1006 1393 1067 1457 boc
1088 1395 1329 1458 sexto‘diecrca·

145 1523 160 1560 a
184 1505 214 1563 la'
236 1499 421 1575 formaliter,
438 1501 494 1582 sed
517 1500 756 1580 potentialiter,
780 1507 813 1562 et
833 1500 922 1582 quasi
943 1503 1090 1565 seminali
1111 1504 1253 1580 ratione;
1273 1482 1327 1589 quia

140 1629 164 1671 «-
182 1608 303 1672 scilicet
322 1606 375 1668 illa
398 1606 545 1668 animalia
567 1598 637 1669 hoc·
648 1607 699 1669 die
720 1616 823 1677 creata
844 1616 940 1688 sunt,
970 1626 1009 1671 ex
1030 1627 1168 1690 quorum
1200 1617 1280 1673 certa
1296 1609 1330 1672 al·

142 1740 157 1777 a
179 1718 312 1780 teatinae
343 1716 420 1777 baec
442 1715 624 1777 naturaliter
644 1723 735 1779 erant
754 1716 914 1781 exoritura
989 1717 1079 1799 Certe
1100 1718 1222 1799 pulices
1249 1726 1276 1781 ct
1301 1717 1331 1781 si·

110 1810 113 1815 ¹
140 1801 168 1890 nx
182 1826 415 1888 milcstermes
452 1826 506 1902 qui
531 1825 562 1885 in
586 1823 767 1888 bominibus
790 1833 865 1888 sunt
880 1876 887 1901 ,
905 1881 907 1885 .
924 1834 1003 1890 tuuc
1021 1811 1134 1905 creari,
1160 1827 1330 1891 contrarium

138 1956 159 2008 r<
181 1952 250 1996 csse
272 1933 452 1994 felicissimo
476 1933 672 2018 innocentiae
694 1934 844 2010 statui.»
864 1933 963 1997 Nemo
996 1933 1143 2013 ignorat,
1178 1935 1330 1998 obsoletam

138 2059 206 2115 esse
233 2041 415 2114 huiusmodi
446 2043 622 2104 doctrinam
656 2057 738 2121 quae
770 2047 836 2103 tam
870 2041 971 2117 multa
989 2041 1169 2121 animalia,
1206 2051 1332 2124 atquae·
1372 2054 1374 2061 ·

139 2150 326 2226 demetiam
364 2151 534 2232 superioris
568 2149 704 2224 classis,
739 2155 775 2212 ul
809 2155 884 2212 sunt
906 2166 1036 2227 mures,
1059 2151 1330 2230 exputreiaotione

131 2260 213 2349 ,oriri
237 2258 386 2322 defendit:
421 2268 524 2322 tamen
548 2258 625 2320 baec
645 2257 761 2334 attuli,
788 2265 823 2321 ut
846 2258 1058 2334 ostenderem,
1089 2275 1154 2322 uon
1177 2259 1330 2347 absurdum
1372 2315 1374 2333 ,

138 2367 241 2430 visum
265 2386 334 2430 esse
358 2369 417 2448 piis
441 2368 514 2430 viris
535 2384 572 2430 ac
593 2367 718 2447 doctis,
740 2368 827 2448 quod
849 2367 1005 2448 quaedam
1027 2366 1174 2440 animalia
1188 2377 1274 2448 extra
1288 2369 1330 2437 bos

140 2477 207 2538 dies
228 2477 366 2556 primum
387 2477 468 2540 adita
484 2477 584 2540 luisse
604 2477 759 2539 dicantur.
782 2477 822 2543 lit
843 2494 929 2560 sane,
953 2477 979 2540 si
993 2477 1150 2559 quaedam
1165 2477 1331 2553 inlimaaui·

140 2583 259 2663 melia,
281 2572 317 2646 ut
338 2593 412 2664 puta
434 2584 590 2664 quaedam
612 2585 827 2665 intestinalia,
848 2602 888 2647 ex
910 2585 1331 2674 aliquomodlficaliouema·

138 2691 234 2764 toriae
255 2691 410 2768 animalis,
434 2694 608 2755 secundum
630 2691 716 2773 leges
736 2691 804 2770 bct,
826 2691 1095 2771 nascuntur;·illis
1116 2692 1258 2774 profecto
1271 2694 1330 2754 baec

137 2808 185 2861 est
206 2799 346 2862 doctriua
367 2800 564 2880 applicanda.
587 2802 677 2881 ltem,
690 2801 718 2864 si
740 2805 841 2868 ovula.
854 2810 928 2863 suni
942 2819 1025 2881 quae
1038 2818 1101 2864 nou
1116 2802 1328 2864 evolvanturet

140 2907 318 2987 producant
338 2907 454 2970 animal
475 2910 613 2988 seipsum
635 2927 787 2990 movens,
807 2889 879 2975 ¹nisi
902 2912 934 2973 in
955 2910 1086 2973 alterius
1106 2910 1252 2975 enirnalis
1271 2923 1328 2979 aor-

136 3032 236 3094 porc,
258 3022 290 3075 et
310 3016 342 3076 iu
364 3015 608 3079 circumstantiis
630 3003 842 3096 peculiaribus
877 3018 1104 3098 morbidisque,
1121 3022 1168 3078 ct·
1184 3017 1286 3078 forsan
1308 3015 1329 3074 in

135 3121 325 3211 animalibus
345 3138 362 3182 a
384 3128 467 3198 statu
491 3116 648 3186 servitulis
672 3133 703 3186 et
722 3125 962 3188 domesticitetis
975 3108 1163 3188 modificatis
1184 3121 1222 3201 l,
1245 3117 1333 3185 autin

98 3236 102 3241 ’
133 3233 173 3296 iis
188 3233 372 3302 substantiis
390 3257 471 3320 qnae
486 3256 503 3300 e
517 3236 635 3315 plantis
655 3234 877 3314 extrahuntur,
896 3243 927 3297 et
941 3234 1111 3315 aliquando
1131 3242 1200 3296 arte
1219 3222 1336 3295 humani

136 3348 360 3422 elaborentur3
381 3348 463 3408 baec
485 3334 672 3414 animalcula
694 3354 867 3424 potnerunt
888 3343 951 3406 illis
974 3342 1082 3406 diebus
1103 3343 1171 3403 fieri
1193 3341 1334 3422 quasise·

136 3453 249 3521 miaali
269 3455 415 3531 ratione,
441 3458 461 3516 i.
484 3473 522 3516 e.-
538 3452 741 3531 solummodo
776 3454 807 3514 iu
830 3442 915 3513 statu
937 3451 1067 3528 seminis
1088 3450 1153 3513 sire
1171 3450 1270 3512 ovuli.

179 3562 257 3624 Fere
279 3581 546 3642 supervacaneum
568 3572 616 3625 est
637 3549 829 3642 admonere,
854 3561 947 3645 etiarn
970 3561 1077 3640 quinta
1098 3560 1148 3620 dio
1172 3558 1241 3639 (uti
1265 3565 1295 3620 et
1314 3555 1339 3616 iu

141 3671 252 3751 sexte)
275 3672 445 3752 quamdam
468 3671 720 3733 comminationem
736 3668 960 3750 praecessisse,
977 3668 1125 3729 materiae
1140 3649 1264 3766 scilicet
1277 3683 1342 3728 cor·

168 3807 547 3874 1L.11.Sent.Dist.Xll.
622 3826 625 3833 ¹

166 3894 291 3959 ara'rr.
309 3909 387 3964 saer.
399 3907 475 3963 aar.
496 3906 554 3965 xv.
573 3921 601 3976 q.
619 3909 646 3960 a.

166 4005 492 4066 illubdeuabl„
689 4073 693 4082 Ι
862 4044 887 4071 .,
1033 4069 1035 4072 Α
1107 4055 1109 4059 ,
1163 4075 1166 4079 ¹

164 4103 184 4154 l
200 4102 321 4158 affirmat
337 4103 523 4169 nlnmmbacb,
540 4103 568 4157 ln
585 4115 664 4156 carna
680 4095 737 4156 suis
749 4099 888 4154 domestici
903 4097 1016 4168 reperiri
1027 4103 1130 4153 certum
1140 4095 1287 4164 quamdam
1300 4082 1354 4154 rer?

134 4209 204 4249 anem
223 4197 423 4260 intestinrlam,
451 4201 497 4266 qul
524 4212 667 4266 numquam
695 4199 723 4250 in
750 4210 814 4264 apro
832 4196 969 4262 reperitur,
988 4202 1100 4251 voantur
1119 4192 1243 4268 Budalia
1262 4198 1352 4250 sinna.

30 4335 32 4338 ,
128 4295 286 4362 blalpighius
304 4296 446 4353 animalum
463 4296 546 4350 buius
561 4296 659 4366 speciei
677 4302 799 4351 naturam
817 4292 1018 4360 domonstravit.
1080 4355 1083 4362 Ι
