2970 5002
171 420 238 486 llnc
250 428 355 505 potins
367 424 503 487 obimme
514 431 657 503 possunt.
665 427 825 506 Scriptum
837 430 888 490 est
896 426 953 491 lix.
963 427 1072 510 ΧΧ,9.
1082 446 1175 512 seqq.
1188 430 1278 494 «Sex
1288 431 1345 492 die-

132 521 223 583 «bus
237 521 422 599 operrberis
441 530 474 584 et
495 521 589 586 iacies
609 524 715 588 omnia
735 532 912 604 operatua.
926 526 1347 609 SepumorntemdieSrb·

131 651 149 687 ι
160 628 270 691 batum
292 629 419 693 llomini
430 630 484 694 liei
497 633 543 694 tni
558 640 620 696 est·
635 649 699 697 non
711 632 806 696 lrcies
824 648 921 698 omne
932 653 1013 718 opus
1033 637 1066 701 iu
1077 654 1170 702 en...
1186 638 1255 700 Sex
1268 637 1348 698 eninr

108 726 149 802 ‘a
163 738 276 802 diebus
297 739 537 803 iecitllominus
555 741 683 806 eoelum
709 749 743 805 et
766 734 1028 809 terrrn'retmaro
1049 746 1208 809 etornnin
1220 745 1346 827 quaein

15 889 20 895 -
129 848 319 926 scissum,
341 859 375 912 et
394 853 546 933 requievit
558 855 592 915 iu
611 853 664 915 die
683 852 846 933 septimo;
869 853 987 917 melreo
1001 855 1164 918 benedixit
1179 854 1271 918 nens
1291 853 1348 916 diei

131 958 314 1034 «munau,
342 968 377 1024 et
399 960 606 1024 sonctificavit
631 979 754 1028 eum.»
775 964 844 1028 lton
866 964 1053 1043 intelligitur
1076 966 1244 1045 praecepti
1276 963 1352 1026 ratio

130 1069 230 1134 immo
251 1069 339 1132 nulla
363 1069 547 1134 huiusmodi
572 1076 653 1135 ratio
666 1082 716 1135 est
731 1122 740 1153 ‚
755 1074 864 1137 sidies
884 1074 931 1136 illi
949 1074 1101 1136 ordinarit
1127 1072 1204 1137 dies
1226 1074 1274 1137 st
1297 1073 1355 1136 lto«
1394 1062 1397 1070 ’

129 1192 238 1265 rarum
249 1194 312 1239 non
324 1177 655 1259 sunt-Responderi,
667 1181 814 1262 periodos
823 1198 908 1263 qnae
916 1181 978 1244 diei
991 1180 1118 1246 nomine
1128 1181 1282 1259 veniunt,
1295 1198 1353 1242 nou

131 1284 269 1350 absurde
283 1288 366 1350 sumi
381 1304 442 1367 pro
463 1289 613 1369 symbolo
629 1297 661 1352 et
684 1299 853 1373 prototypo
866 1299 900 1354 et
921 1293 1046 1357 dierum
1059 1292 1292 1357 communium
1311 1289 1364 1361 lav.

134 1395 232 1467 boris,
256 1402 289 1455 et
311 1396 374 1457 diei
390 1396 493 1458 ultimi
517 1397 734 1461 hebdomadae
755 1401 853 1481 quieti
868 1403 1027 1465 destinati.
1041 1402 1120 1465 lton
1142 1416 1267 1464 vocem
1280 1399 1354 1460 bant

133 1501 345 1567 diversimode
365 1503 535 1586 aliquando
549 1507 649 1586 accipi
664 1511 695 1568 in
719 1526 783 1576 nno
803 1518 966 1588 contextu,
980 1517 1014 1571 et
1037 1511 1096 1590 ipsi
1112 1509 1210 1571 interi
1224 1507 1353 1583 debent,

133 1618 170 1674 ut
184 1629 286 1692 nuper
305 1612 524 1676 observabam.
539 1615 736 1693 Augustinus
748 1626 857 1697 aperte
871 1619 957 1695 dicit,
972 1619 1040 1680 dies
1062 1615 1294 1680 hebdomadae
1316 1630 1358 1674 re·

134 1730 337 1802 praesentare
351 1723 457 1804 aliquo
468 1725 564 1785 modo
573 1724 814 1787 diescrestionis
823 1725 966 1805 (illorum
975 1727 1076 1788 uicem
1085 1723 1264 1806 quemdum
1272 1721 1359 1784 eubi-

135 1827 262 1909 derelet
276 1846 338 1891 non
352 1847 422 1891 esse
433 1828 500 1890 iilia
510 1830 643 1906 similes,
652 1832 708 1894 aed
720 1831 853 1894 multum
867 1834 1004 1912 imperes
1019 1833 1042 1892 ¹.
1055 1831 1101 1893 lta
1113 1832 1147 1891 in
1164 1832 1360 1891 immensum

134 1936 324 1999 distantllei
337 1953 433 2019 opera
454 1939 495 2000 ab
518 1939 670 2018 operibus
695 1940 870 2014 nentrum,
885 1948 918 2001 et
938 1941 1104 2002 bominum
1119 1939 1362 2000 occesseriere

132 2045 224 2126 quies
238 2065 254 2106 a
269 2046 376 2126 requie
390 2045 457 2122 Dei,
482 2066 563 2128 qnae
579 2065 664 2110 mera
683 2056 763 2109 este
779 2038 867 2109 novis
891 2048 1041 2127 operibus
1051 2047 1204 2110 cesentio.
1223 2044 1361 2126 Requits

98 2177 103 2185 ¹
132 2151 264 2214 bomani
278 2154 402 2216 sabbati
416 2155 502 2217 horis
523 2156 770 2236 vigintiquatuor
792 2155 1023 2217 continebatur.
1046 2155 1088 2216 At
1101 2155 1178 2234 quis
1201 2155 1295 2216 dicet
1310 2148 1361 2213 ud

133 2369 203 2431 dies
222 2387 262 2430 nn
277 2376 351 2449 post
361 2370 457 2434 horas
476 2371 519 2433 dl
529 2372 684 2432 cessavit?
710 2371 782 2432 lliea
795 2368 948 2448 septimus
961 2369 1029 2429 aine
1050 2386 1187 2448 vespere
1212 2378 1290 2445 eat,
1313 2383 1363 2428 nee

136 2475 228 2539 belet
248 2494 408 2554 occasum,
422 2479 466 2540 ait
476 2479 559 2555 Aug.
575 2478 612 2554 ⁸3
629 2476 812 2555 similesque
824 2476 999 2538 locutiones
1013 2477 1053 2537 de
1067 2477 1120 2537 die
1135 2479 1201 2540 hoc
1214 2479 1366 2556 teguntur

134 2584 221 2664 ttpud
246 2584 408 2648 Rubbinos
425 2583 484 2664 (V.
497 2583 622 2662 ttgottni
642 2583 840 2645 locarunt.
859 2582 880 2642 l.
899 2600 930 2662 p.
944 2583 1039 2660 569).
1067 2583 1218 2648 Tandem
1247 2585 1364 2647 memi-

134 2691 222 2754 nisse
234 2692 398 2768 debemus,
411 2690 559 2754 Hebraeis
575 2692 801 2772 precscriptum
814 2690 910 2752 luisse
930 2691 1025 2752 etium
1038 2685 1219 2754 &obulum
1234 2687 1366 2774 septimi

135 2800 223 2862 enni.
240 2799 324 2862 Deus
336 2798 424 2863 iubet
446 2799 530 2880 (ιον.
544 2799 640 2879 XXV,
654 2801 685 2875 2,
702 2798 803 2880 seqq.)
820 2819 838 2859 «
854 2798 985 2869 Quando
1000 2799 1132 2874 ingressi
1148 2801 1287 2864 fueritis
1304 2811 1365 2864 ter-

141 2930 156 2966 «
172 2925 249 2983 ram,
266 2925 362 2989 quam
376 2894 436 2987 ego
447 2908 530 2973 dabo
541 2910 642 2984 vobis,
657 2907 843 2969 &sentires
854 2905 1022 2967 Sndbutunr
1035 2907 1260 2972 Dominosex
1276 2911 1368 2972 annis

92 3085 96 3092 ⁸
137 3036 157 3077 u
171 3032 257 3078 seres
280 3032 393 3095 agrum
409 3024 511 3093 tunm,
527 3023 626 3079 atter
646 3013 737 3077 annis
753 3013 877 3093 putabis
893 3013 1016 3072 vineam
1032 3019 1131 3092 tuam,
1155 3017 1367 3098 colligesque

137 3121 378 3186 nirnetusaius:
393 3122 534 3205 Septimo
547 3132 653 3187 autem
663 3139 747 3185 anno
758 3119 930 3182 Sabbatum
944 3121 1003 3179 erit
1018 3125 1132 3196 terrae,
1149 3126 1368 3205 requietionis

136 3230 331 3293 «nomint»
350 3231 433 3311 (Vid.
445 3229 546 3294 etllx.
568 3228 678 3307 lllllll,
701 3229 750 3289 11.
766 3242 855 3306 seqq.
871 3223 950 3303 ldge
962 3240 1049 3287 vero:
1077 3225 1150 3289 heio
1172 3231 1248 3292 dies
1276 3249 1369 3294 erea-

137 3339 233 3402 tionia
254 3340 304 3400 vel
322 3339 389 3400 dies
411 3339 561 3401 ordinarii
574 3335 791 3399 habdomadae
808 3383 816 3409 ,
836 3339 958 3412 septem
981 3348 1140 3396 annorum
1163 3347 1269 3418 typus
1296 3339 1368 3402 eni-

136 3451 237 3519 stnnt:
254 3461 312 3506 cur
326 3444 421 3521 igitur
441 3450 573 3507 serant
593 3450 718 3524 septem
740 3440 901 3517 longiores
925 3439 1046 3518 periodi
1069 3457 1127 3501 sex
1147 3456 1209 3506 out
1237 3454 1369 3526 septem

135 3551 261 3615 dicrum
276 3551 426 3615 solarium
440 3551 603 3630 exemplar
615 3565 759 3612 essenon
772 3547 916 3628 possint?
928 3546 1118 3608 Addendum
1132 3559 1198 3626 est,
1215 3555 1324 3617 etium
1340 3556 1371 3614 in

48 3690 51 3696 ·
138 3657 275 3722 levitico
291 3667 364 3738 post
376 3676 496 3721 annum
508 3657 710 3721 sabbaticum
724 3656 830 3718 statim
844 3651 991 3715 Hebraeis
1015 3657 1218 3737 praescribi,
1236 3668 1277 3723 nt
1306 3681 1369 3724 nu·

136 3774 257 3831 merem
278 3785 395 3848 quoque
408 3774 526 3846 septem
536 3762 738 3827 bebdontudus
752 3778 916 3838 annorum,
926 3761 949 3821 i.
963 3777 990 3821 e.
1004 3761 1121 3839 septies
1135 3773 1275 3844 septem,
1291 3787 1374 3852 quoe

134 3872 233 3939 simul
246 3873 366 3956 fuciunt
386 3891 484 3938 annos
505 3871 848 3953 quadragintanovem:
865 3873 937 3949 post
948 3867 1006 3930 hos
1019 3875 1088 3930 erat
1107 3875 1374 3954 sanctificandus

136 3995 239 4044 annor
261 3982 530 4063 quinquagesimus
550 3995 607 4042 seu
621 3994 721 4040 onnus
735 3972 872 4038 iubiluei.
886 3993 905 4036 u
919 3974 988 4038 Non
1001 3976 1126 4057 seretis,
1141 3995 1254 4060 neque
1268 3995 1374 4048 mete·

141 4088 211 4154 rtis
232 4096 346 4170 sponte
365 4090 398 4153 iu
413 4105 490 4168 agro
504 4089 685 4164 nascentia,
706 4092 739 4149 et
761 4082 913 4166 primitias
933 4082 1108 4147 vindemiae
1130 4102 1197 4152 nun
1224 4093 1374 4172 collige.

178 4249 192 4297 1
212 4248 325 4302 deden.
343 4243 441 4307 adlit.
462 4247 508 4300 lv.
526 4241 570 4298 2⁶.

180 4339 290 4406 acono
309 4349 339 4399 n.
358 4344 430 4408 atri,
448 4357 473 4398 s.
492 4340 536 4393 uo.
