2970 5002
133 304 193 377 tto

130 470 170 512 ne
193 466 298 512 rerum
326 464 478 512 novarum
502 448 643 510 cessavit.
668 448 709 509 nt
730 442 800 510 finis
823 444 917 510 huius
942 440 1004 507 diei
1019 440 1224 527 quandonam
1248 443 1330 509 inita
1375 460 1378 501 t

98 557 100 562 '
130 555 242 622 Fuitne
263 559 314 620 iile
337 557 523 637 aliquando?
543 551 632 619 Hunc
656 556 750 618 tinem
772 570 916 636 quaero;
939 555 1006 626 sed,
1030 553 1140 631 fateor,
1170 573 1234 619 nun
1255 558 1327 618 inre·

108 706 109 711 κ
130 671 196 732 nio.
219 669 398 730 Terminnm
422 644 484 727 diei
501 664 640 741 Sueten,
670 674 727 726 seu
751 663 871 744 periodi
893 678 956 743 qua
977 663 1060 726 Deus
1081 682 1099 725 a
1120 664 1210 728 novis
1231 667 1325 744 operi-

89 854 100 870 ·
130 779 191 840 bus
211 768 414 852 cessauego
435 774 563 856 quidem
588 791 651 836 non
673 773 774 836 video.
794 771 884 836 lieris
906 771 1154 853 vigintiquatuor
1170 778 1244 852 post
1263 790 1325 834 mu-

129 882 217 945 lieris
244 882 465 946 formationem
493 884 734 962 praetergressis
757 888 842 943 certe
863 880 990 962 requies
1025 878 1078 943 ilis
1113 880 1222 943 divina
1249 881 1327 943 iinon

90 986 93 993 “
130 1007 195 1055 non
217 990 338 1067 habuit,
365 1007 424 1053 nec
445 990 579 1053 cessatio
592 990 646 1051 ilia
666 973 908 1063 cessavitt‘non
929 989 1017 1052 enim
1030 989 1185 1052 Dominus
1200 997 1271 1068 post
1286 1007 1326 1052 re·
1376 1040 1378 1057 .

132 1098 239 1178 quiem
261 1097 323 1158 diei
354 1084 478 1175 sciaris,
501 1113 581 1160 nova
600 1114 696 1177 opera
718 1097 848 1160 molitus
883 1105 942 1174 est;
965 1095 1238 1177 quemadmodum
1271 1103 1326 1175 post
1376 1060 1378 1105 1

133 1207 277 1287 requiem
298 1205 361 1291 diei
382 1205 568 1283 dominicae,
593 1223 687 1268 mane
709 1205 791 1268 iacto
812 1203 874 1268 diei
894 1205 999 1284 tunae,
1023 1205 1064 1268 ad
1088 1204 1244 1268 officinam
1261 1203 1325 1267 etrd
1375 1196 1378 1335 q

134 1315 276 1378 laborem
298 1315 399 1377 nostri
424 1296 560 1376 artifices
583 1316 729 1378 redeunt.
751 1315 856 1378 Etiam
877 1331 962 1378 nuuc
983 1314 1189 1377 duceremini
1223 1314 1328 1376 videtur
1376 1352 1378 1405 ᾗ

135 1424 202 1485 dies
214 1424 265 1484 iila
279 1440 431 1503 operosae
446 1424 674 1497 cessationis,in
689 1424 905 1504 quecociestis
921 1424 1123 1505 Poternsquc
1136 1423 1225 1484 mode
1236 1439 1328 1502 opero
1375 1426 1378 1491 i

137 1540 202 1612 tur,
220 1533 229 1612 i
245 1538 280 1595 ut
300 1532 339 1594 de
352 1531 546 1611 spiritalibus
570 1532 807 1613 operationibus
822 1538 944 1596 taceam
959 1532 968 1614 i
985 1539 1087 1594 ereata
1102 1549 1202 1612 opera
1214 1539 1246 1594 et
1257 1549 1329 1593 crea·

127 1652 184 1705 ,tas
205 1643 292 1720 leges
314 1659 514 1704 conservans:
538 1642 694 1706 aesimul
715 1650 839 1730 cessat,
863 1643 936 1724 quia
963 1659 1059 1706 novas
1094 1643 1329 1705 substantiarum

135 1753 265 1828 classes,
285 1728 396 1812 saitem
417 1753 449 1813 in
473 1759 555 1815 terra
579 1759 699 1832 nostra,
721 1769 784 1815 non
807 1753 965 1832 producit,
979 1770 1038 1814 nec
1053 1769 1185 1830 magnas
1207 1752 1274 1813 ilias
1292 1748 1330 1812 ei-

101 1901 103 1904 >
136 1859 201 1919 ficit
222 1861 317 1939 atquc
348 1866 436 1920 extra
467 1868 665 1939 praesentem
687 1859 831 1922 ordinem
852 1859 971 1940 positas
1005 1849 1334 1933 rernmmutationes,

137 1966 315 2028 cuiusmodi
338 1966 495 2044 prioribus
530 1965 592 2028 illis
615 1966 751 2046 periodis
783 1967 1106 2048 accideruntquum
1138 1966 1289 2041 creaturis
1309 1963 1333 2024 in

136 2076 240 2156 aliqua
256 2076 452 2154 sequentium
468 2076 683 2153 periodorum,
706 2074 783 2137 etin
805 2082 892 2137 sexta
910 2076 1096 2156 praesertim
1121 2073 1331 2154 producendis,

139 2191 188 2248 vie
209 2184 390 2266 parabatur.¹
408 2187 522 2267 Utique
535 2202 648 2262 magna
659 2184 726 2247 dics
740 2184 873 2264 septimo
887 2185 955 2248 sine
965 2201 1096 2264 uespera
1107 2191 1169 2264 est,
1181 2202 1237 2247 nec
1260 2182 1334 2245 notet

139 2315 280 2360 oecosnrn
305 2297 314 2379 (
338 2297 535 2373 Augustinus
555 2299 571 2348 1
595 2293 617 2374 i.
654 2293 806 2356 Perdurat
829 2293 935 2356 adhuc
964 2294 1023 2355 ista
1039 2292 1123 2368 dies,
1150 2293 1335 2373 usquedum

136 2405 203 2468 lieo
228 2404 338 2484 piacet,
365 2404 542 2484 usquedum
563 2418 714 2480 praesens
733 2416 857 2463 rerum
873 2401 951 2465 ordo
987 2399 1132 2465 interris
1156 2405 1334 2482 perseveret,

137 2515 361 2595 perduratura.
383 2513 429 2575 Ac
450 2529 556 2575 revera
572 2513 699 2594 nescio(
716 2513 783 2589 nisi„
799 2513 991 2575 naturalium
1010 2529 1116 2575 rerum
1131 2510 1250 2574 limites
1271 2520 1339 2574 tran·

138 2625 326 2689 scandamus
342 2623 365 2704 i,
380 2640 534 2704 quaenam
555 2638 636 2684 nova
656 2621 807 2702 periodus
828 2623 869 2684 sit
890 2621 1096 2702 expectanda.

112 2735 117 2743 '
178 2738 282 2798 Prima
305 2735 379 2797 Dies
399 2734 458 2797 init
477 2733 626 2813 periodus
649 2731 740 2810 tucis,
757 2748 838 2812 quae
861 2732 955 2793 etiam
977 2730 1117 2812 cirpmica
1136 2727 1336 2810 periodurdi«

138 2845 164 2906 ci
186 2861 279 2924 posse
301 2843 433 2904 videtur.
447 2841 532 2904 Hanc
548 2842 672 2920 excepit
688 2839 839 2920 periodus
859 2838 1093 2918 otmospitacrue
1118 2831 1303 2902 firmamenti
1316 2842 1340 2898 et

138 2951 299 3015 divisionis
319 2967 484 3031 aquarum,
507 2965 572 3029 quo
593 2957 747 3027 tempore,
769 2948 796 3008 si
819 2963 890 3007 vera
915 2947 1123 3026 coniecimns,
1145 2949 1250 3011 solida
1269 2951 1340 3010 inor·

137 3061 247 3137 ganica
268 3077 336 3121 esse
350 3067 530 3138 coeperunt:
548 3058 618 3119 ideo
631 3057 707 3118 hacc
720 3046 870 3137 periodus
886 3058 946 3120 dici
961 3064 1068 3138 potest
1082 3060 1235 3141 periodus
1247 3054 1340 3122 sciidi·

140 3171 227 3246 tntis,
251 3186 306 3231 sen
330 3159 634 3249 clrrysteii'isationis.
655 3167 757 3229 Tertia
771 3168 919 3248 periodus
932 3169 1137 3249 cepetotr'onis
1151 3162 1223 3231 init.
1240 3168 1337 3241 Quane

139 3281 171 3338 in
195 3296 255 3358 qua
278 3279 357 3338 aeris
389 3275 560 3339 defaecatio
594 3276 731 3356 perfecta
766 3284 825 3356 cst,
844 3276 995 3357 periodus
1029 3276 1154 3339 siderea
1176 3277 1227 3339 vei
1249 3283 1340 3338 astre-

140 3387 334 3448 convocari
357 3382 486 3466 potest,
508 3385 659 3466 quoniam
680 3395 762 3448 astra
787 3391 871 3462 tnnc,
894 3384 1005 3448 saitem
1037 3386 1124 3466 quod
1147 3386 1189 3448 nd
1212 3385 1340 3449 tellurem

136 3492 282 3572 pertinet,
308 3502 376 3554 orta
397 3502 482 3555 sunt.
506 3493 619 3566 Quinta
656 3501 790 3574 sequuta
820 3500 867 3555 est
887 3493 1037 3572 periodus
1068 3495 1156 3556 uitae
1189 3490 1340 3556 animatis:

137 3601 326 3683 adiecitque
349 3601 476 3662 tandem
500 3610 586 3662 sexta
606 3650 613 3681 ,
637 3619 718 3682 quae
741 3609 790 3670 est
807 3601 958 3682 periodus
995 3602 1239 3684 intettipennac.
1267 3604 1341 3681 opus

118 3711 242 3799 ⁴itaque
266 3708 421 3770 creatoris
444 3711 625 3789 summique
649 3709 787 3771 Artificis
803 3709 978 3790 perfectum
1000 3718 1058 3788 est:
1080 3711 1252 3774 &obuium
1280 3725 1344 3772 snc-

137 3818 244 3893 cessit,
266 3816 423 3896 duratque
444 3815 593 3895 periodos
608 3833 689 3898 quac
710 3824 758 3879 est
780 3817 1039 3882 conservationis.
1055 3818 1087 3881 Si
1109 3825 1199 3882 tanta
1225 3827 1272 3881 est
1285 3819 1341 3879 iou·

139 3923 250 4000 gitudo
273 3923 399 4001 septimi
422 3922 495 3999 diei,
520 3906 620 3997 eritne
655 3925 695 3987 ita
717 3926 820 4005 breve,
853 3933 889 3989 ut
910 3926 1006 4004 vulgo
1040 3927 1200 4006 creditur,
1231 3934 1344 4005 tempus

138 4045 199 4089 sec
214 4027 335 4090 dierum
356 4032 411 4110 qui
432 4032 515 4094 hunc
539 4034 709 4116 septimum
735 4035 1003 4115 praecesserunt?

129 4233 132 4237 ’
173 4223 322 4293 iccnsess.
334 4225 408 4291 Xill,
423 4242 445 4280 c.
457 4228 499 4279 36.
511 4228 617 4282 Similes
639 4230 786 4282 locutiones
804 4228 836 4283 ds
854 4228 897 4282 die
918 4229 1032 4298 septimo
1046 4229 1170 4296 teguntur
1192 4230 1267 4298 apud
1288 4228 1352 4282 Rab*

138 4321 215 4374 binos
227 4323 375 4378 Abarbcuei
393 4326 423 4376 in
441 4325 536 4391 chem
553 4325 600 4379 iol.
619 4326 663 4381 22.
683 4330 716 4382 R.
736 4326 831 4383 Becher
850 4327 990 4396 inlunem
1017 4326 1066 4380 sci.
1084 4327 1112 4381 9.
1132 4327 1194 4383 tiu.
1224 4328 1302 4384 Tuci.
1325 4327 1353 4380 u·

110 4459 114 4464 .
140 4419 224 4485 goliui
241 4423 272 4474 T.
292 4424 312 4475 1.
344 4421 479 4489 panida,
499 4424 529 4474 X.
674 4426 677 4432 '
