2970 5002
1295 281 1354 349 139

127 434 220 494 terea
235 407 405 494 ridiculum
418 412 546 493 videtur
556 444 708 511 quaerere
729 403 857 491 causam
875 429 941 508 'qua
957 427 1120 490 terrestres
1145 422 1272 506 pla'ntna
1286 441 1352 489 non

128 546 252 618 essent,
266 535 436 619 antequam
450 539 544 603 arida
556 537 767 620 apparuisset,
782 536 829 600 uti
844 551 997 617 quaerere
1015 551 1143 599 causam
1155 536 1299 599 defectus
1312 553 1353 599 o·

128 663 265 728 vorum,
281 665 381 729 quum
395 647 531 726 gallinae
553 635 677 709 et'aliaa
690 662 764 709 aves
785 663 851 709 non
874 646 984 725 erant,
1011 654 1067 709 aut
1091 646 1193 724 lactis,
1209 645 1353 710 nondum

131 754 250 816 creatis
266 755 368 817 vaccis
382 755 488 818 aliisve
506 755 654 817 laetiicris
668 754 869 818 animalibus.
1451 740 1454 747 ’

173 862 219 924 De
240 861 303 925 illis
327 880 401 926 vero
421 863 477 944 qui
496 863 640 927 dividunt
663 864 794 928 omnino
816 872 926 930 versus
947 869 1070 933 sumet
1083 867 1192 930 duma
1208 861 1353 943 superio·

132 971 235 1048 ribus,
251 970 326 1051 quid
340 971 634 1034 dicemusillehac
650 972 803 1038 divisione
825 976 870 1038 nil
892 976 1023 1048 definio:
1056 975 1117 1039 hoc
1138 978 1350 1038 tantomsta-

128 1086 200 1142 tua:
220 1080 248 1140 si
266 1068 432 1142 versusilli
453 1095 472 1140 a
495 1078 755 1159 praecedentibus
781 1083 1003 1161 seiunguntur,
1029 1078 1082 1145 eas
1106 1087 1191 1145 certe
1217 1092 1347 1142 sensum

133 1187 274 1268 aliquem
303 1205 361 1268 per
374 1204 409 1250 sa
431 1188 608 1270 exprimere
630 1189 756 1275 deberem
781 1208 845 1254 non
866 1193 951 1254 enim
972 1191 1253 1272 coniungiqueunt
1276 1203 1351 1250 cum

130 1311 227 1359 versu
242 1297 262 1358 7
279 1317 286 1358 :
308 1295 492 1359 adarmavit
508 1298 604 1376 igitur
627 1299 682 1380 (ht
694 1298 846 1380 formavit
860 1300 968 1383 Hebe.)
981 1299 1132 1363 [lominus
1151 1298 1235 1360 [leus
1246 1295 1350 1359 hami·
1431 1292 1433 1295 ’

136 1421 241 1467 «nem
277 1403 408 1470 delimo
428 1414 552 1469 terraer
568 1399 701 1480 Quando
715 1410 801 1472 enim
813 1409 916 1473 factus
929 1416 978 1472 est
991 1409 1100 1489 hamo,
1126 1422 1202 1470 sane
1226 1405 1345 1481 herbis,

84 1566 87 1571 .
135 1510 273 1575 arbustis
308 1520 340 1576 et
361 1514 527 1578 arboribus
555 1517 703 1580 tellurem
727 1519 933 1581 convestitam
954 1518 1081 1580 invenit.
1110 1515 1229 1579 lubae
1254 1513 1350 1590 igitur
1399 1532 1401 1537 ’

132 1618 303 1701 hypothesi
331 1622 504 1687 evidentius
520 1625 721 1715 'excludenda
742 1603 791 1688 est
816 1627 871 1688 illa
893 1628 1028 1704 negatio.
1051 1624 1131 1698 Quid
1153 1623 1264 1698 enim,
1286 1621 1346 1682 hae

133 1736 248 1818 posita,
265 1737 285 1798 ii
299 1754 408 1801 versus
424 1740 551 1799 narrant
562 1733 578 1792 ‘i
588 1731 764 1810 Nimirum:¹
779 1750 843 1795 non
868 1731 966 1795 fuisse
979 1731 987 1814 l
1001 1737 1033 1794 at
1044 1729 1263 1813 quandonam?
1276 1726 1286 1809 l
1299 1744 1349 1789 ar·

102 1917 106 1922 „
132 1843 226 1906 busta
245 1850 299 1906 aut
313 1842 438 1922 herbas,
453 1858 511 1905 nec
524 1840 664 1922 pluriam
677 1839 890 1919 descendisse,
905 1855 963 1902 nac
977 1839 1126 1920 v'aparem
1137 1835 1203 1918 (aut
1214 1831 1349 1913 fontem)

133 1950 325 2030 ascendisse,
348 1957 423 2013 sunt
437 1966 542 2013 merae
554 1947 735 2027 negationes
747 1964 827 2028 quae
842 1946 920 2008 nihil
933 1962 990 2009 nos
1017 1945 1145 2022 docent3
1171 1943 1249 2025 quin
1264 1947 1295 2003 et
1315 1941 1349 2002 in

134 2074 275 2121 errorem
291 2049 440 2120 inducere
466 2046 624 2135 legentem
636 2059 783 2136 possunt>
798 2070 872 2115 nam
895 2068 969 2114 cum
986 2051 1125 2114 narratio
1140 2050 1180 2111 de
1194 2055 1267 2112 artu
1288 2047 1347 2110 ba-

99 2151 102 2157 *
133 2167 228 2228 minis
243 2174 352 2243 postea
367 2173 528 2243 sequatur,
545 2164 775 2224 adduceremur
786 2162 826 2223 ad
840 2162 1046 2237 credendum,
1063 2159 1148 2220 hunc
1168 2159 1273 2237 ip'sam
1298 2173 1347 2218 ra-

136 2288 208 2333 rum
223 2277 338 2332 statum
351 2271 454 2348 primo
468 2269 587 2332 homini
610 2286 643 2330 se
657 2267 810 2330 obtulisse
815 2284 938 2347 ,quum
960 2266 1066 2347 faetus
1090 2272 1136 2328 est
1158 2265 1191 2327 ia
1210 2264 1348 2325 animam

135 2375 291 2477 viventem
315 2378 342 2437 1.
369 2373 479 2450 igitur
493 2377 519 2436 si
542 2391 651 2436 versus
672 2375 736 2436 bau
754 2381 790 2435 et
813 2375 878 2437 6³¹⁸
902 2371 1117 2472 superioribus
1133 2369 1353 2448 seiungantur,

139 2467 508 2546 omninoestreiicien'da
522 2483 701 2545 isliusmodi
724 2483 861 2560 negarim
874 2488 906 2544 et
929 2497 1041 2545 sensus
1063 2480 1132 2541 erit:
1155 2478 1345 2558 Priusquam

135 2589 351 2668 permitterent
370 2588 544 2652 arbustuet
569 2589 699 2667 barbam
728 2589 790 2651 vel:
813 2587 954 2651 Nondum
976 2587 1231 2668 permutaverant
1249 2583 1350 2646 arba·

134 2701 187 2757 sta
252 2684 419 2774 Sed'aaper
433 2694 617 2758 ascendebat
629 2695 667 2758 da
682 2702 770 2759 terra
790 2694 832 2758 ad
846 2693 1042 2774 irripaadam
1120 2699 1151 2756 et
1176 2691 1268 2753 huius
1290 2707 1346 2770 apa
1449 2676 1453 2682 ’

130 2802 261 2882 pluviae
273 2804 412 2884 parentis
424 2803 519 2878 uices,
534 2810 701 2867 creuerunt
715 2804 832 2883 stirpes
846 2821 866 2865 a
879 2805 942 2866 Dea
955 2802 1134 2882 faciamvel:
1144 2802 1278 2866 Tametsi
1290 2818 1352 2866 aaa

132 2911 261 2993 plueret
328 2907 551 2993 tamea'vapar
617 2911 784 2992 irripabat:
797 2911 877 2976 Nam
890 2913 1046 2992 particula
1061 2929 1204 2975 connexa
1221 2902 1257 2993 i,
1285 2921 1317 2976 at
1340 2957 1350 2989 ,ψ

138 3019 234 3100 (quae
248 3020 381 3083 Proteus
390 3020 626 3100 particularum
639 3020 679 3082 ab
691 3019 818 3083 Heinsio
831 3028 962 3083 vocatur
976 3020 985 3101 l
999 3021 1168 3102 aliqnando
1183 3023 1273 3084 reddi
1292 3039 1350 3115 po·

134 3129 199 3187 test
212 3125 278 3205 scd,
292 3127 336 3188 uti
349 3127 402 3188 hic
415 3127 560 3204 vulgatus
576 3126 689 3200 reddit,
705 3125 884 3207 aliquando,
902 3133 1019 3206 autem,
1034 3136 1079 3204 at,
1097 3145 1173 3190 uera
1187 3129 1236 3188 vel
1255 3146 1350 3207 quum

136 3234 189 3295 vel
213 3235 354 3316 quamuis
367 3219 416 3296 vel
433 3219 547 3314 tamea,
561 3221 762 3297 nibilominus
772 3236 818 3296 vel
834 3253 919 3312 uam,
935 3235 1028 3314 caim,
1043 3237 1117 3317 qaia
1128 3242 1189 3298 eta.

177 3330 696 3406 LlV.luveritnannullaindicare
725 3331 920 3406 consectaria
945 3343 1171 3423 quaealieuius
1195 3328 1349 3410 momenti
1436 3387 1439 3392 -

134 3451 215 3516 mihi
237 3451 393 3515 videntur.
406 3451 516 3515 Pluvia
528 3451 579 3513 bra
590 3451 748 3517 indicatur
761 3453 808 3517 uti
822 3470 873 3516 res
898 3469 979 3536 quae
991 3452 1108 3533 plantis
1122 3453 1207 3518 illius
1228 3456 1349 3536 periodi

134 3560 249 3623 luisset
262 3567 452 3640 opportuna
466 3559 583 3622 Verum
593 3565 619 3624 sl
631 3562 757 3640 plantae
781 3561 1347 3695 illae,iuxtavulgaremsentcntiam,

142 3667 362 3782 germinarunt
375 3684 485 3732 amnes

304 3888 403 3960 Quum
415 3887 500 3949 Deus
511 3889 673 3969 aequoreis
687 3874 827 3968 creptam
838 3903 935 3965 nuper
949 3886 989 3948 ab
1002 3879 1095 3950 undis
1200 3882 1203 3889 ’

295 3991 467 4056 Arboribus
480 3993 627 4075 airdiqae
646 4001 774 4058 ornaret
789 3993 930 4075 premitis
946 3999 1065 4059 terram
1079 3995 1123 4072 ἲ,-

173 4244 229 4297 11.
248 4227 309 4297 cor.
327 4245 381 4310 xv,
400 4244 444 4297 eu.

172 4339 242 4394 Νι
259 4340 297 4394 ait
313 4341 427 4397 Laenius
447 4340 530 4399 l’rrir.
550 4341 691 4411 Presbyter
708 4345 739 4397 1..
759 4342 780 4397 l.
800 4338 872 4398 lilst.
888 4341 921 4398 i.
932 4344 1049 4408 restam.
