2970 5002
850 374 867 410 4
943 364 946 369 ,

612 471 887 540 cunemannus

179 695 369 762 cxxxvlii.
383 693 524 774 Angelos
546 694 720 774 productos
743 694 841 758 luisse
858 695 954 774 longe
987 697 1061 755 ante
1084 691 1166 756 coeli
1196 697 1365 776 terraeque

136 809 309 892 opilicium,
332 807 420 890 quod
440 803 530 875 initio
549 804 709 870 Geneseos
729 803 931 884 describitur,
946 802 1037 867 licuit
1050 803 1198 876 adserere
1218 821 1263 868 ss.
1276 806 1359 867 Gre-

134 918 225 997 gorio
239 916 447 995 Nazianzeno,
463 913 666 996 Hieronymo,
679 912 809 990 Hilario,
825 913 870 980 lo.
887 913 1095 995 Damascena,
1107 912 1253 994 aliisque,
1275 912 1358 994 quin

133 1037 241 1091 tamen
265 1024 385 1107 aliquid
405 1032 516 1090 centra
533 1020 631 1087 iidem
651 1031 708 1089 aut
730 1025 881 1117 pietatem
902 1031 1077 1105 peccorent,
1101 1025 1189 1104 quod
1222 1024 1358 1101 fatetur,

132 1149 328 1217 quamquam
350 1135 529 1197 contrariae
556 1133 731 1197 sententiae
745 1120 905 1213 addictus,
927 1130 1156 1208 Theodoretus3
1179 1129 1272 1194 licuit
1295 1130 1359 1193 boe

131 1242 196 1325 illis
231 1243 309 1324 quin
343 1242 443 1307 ullam
480 1242 649 1310 haereseos
675 1250 785 1309 nomm
807 1242 1030 1317 incurrerent,
1055 1246 1088 1304 et
1108 1239 1261 1323 quonlam
1284 1246 1360 1303 ante

130 1349 171 1414 lV
191 1351 400 1416 Lateranense
420 1352 598 1417 Concilium
621 1351 844 1434 scripserunt,
875 1367 981 1432 neque
1011 1350 1210 1415 temeritatis.
1237 1347 1356 1412 Mansit

131 1459 289 1537 Gregorio
308 1457 460 1538 Theologi
481 1469 743 1541 cognomentum,
765 1473 954 1541 summeque
973 1476 1038 1540 qua
1058 1458 1159 1540 pellet
1182 1457 1217 1520 in
1238 1456 1355 1521 Hcclc-

130 1565 179 1628 sie
198 1568 384 1646 auetoritas;
406 1565 618 1648 Hieronymus
636 1584 720 1634 vero·
735 1569 767 1632 in
788 1567 960 1648 Scripturis
972 1566 1221 1647 interpretandis
1236 1563 1357 1628 Doctor

132 1675 292 1740 maximus
314 1677 418 1741 dictus
439 1684 498 1741 est.
525 1677 627 1742 Licuit
648 1679 736 1742 idem
759 1675 940 1755 Ambrosio,
976 1676 1031 1759 qni
1063 1675 1145 1739 nibil
1172 1673 1354 1740 materiatis

130 1783 361 1866 compositionis
384 1785 520 1850 immane
541 1798 635 1868 atquc
656 1784 795 1854 alienum
804 1783 950 1868 putabet,
980 1790 1112 1867 practer
1139 1782 1234 1847 iliam
1254 1781 1356 1846 solone

129 1892 327 1961 venerandae
351 1893 519 1959 Trinitatis
530 1893 753 1960 substantiam.
772 1893 873 1960 Licuit
885 1894 1003 1960 Sererm
1017 1893 1142 1969 Abbati,
1158 1892 1266 1955 verius
1280 1890 1354 1955 Cas·

131 2003 232 2079 siano,
257 2000 311 2083 qui
333 2001 424 2064 illum
446 2003 628 2084 loquentem
649 2003 772 2066 inducit
790 2004 817 2080 1,
840 2002 895 2083 qui
914 2008 1020 2071 tameo
1042 2002 1213 2066 Cassianus
1231 2000 1272 2074 ²,
1290 2000 1358 2063 An·

128 2111 225 2190 gelos,
238 2108 460 2191 Arcbcnqctes,
475 2117 656 2194 ceterosque
676 2112 816 2178 Virtutes
842 2110 1027 2176 nuliatenus
1040 2112 1247 2193 incorporeos
1261 2113 1360 2178 oesti-

111 2211 243 2300 'movit
258 2220 314 2282 sed
335 2219 448 2283 dobere
462 2220 629 2284 seeundum
650 2238 684 2284 se
704 2238 818 2304 eorpus
853 2239 912 2303 qno
925 2221 1118 2300 subsistunt,
1153 2220 1228 2286 iicet
1256 2223 1356 2286 molto

133 2322 260 2394 tancies
289 2347 382 2409 qoam
417 2347 484 2393 nes.
515 2331 614 2394 Licuit
633 2327 748 2394 Resilio
769 2330 894 2410 Magno,
916 2330 972 2411 qui
991 2331 1124 2411 Angelis
1144 2329 1355 2394 substantiam

69 2435 76 2447 ‘
131 2440 322 2503 nereomoel
343 2440 464 2519 igneum
477 2439 597 2516 tribuit,
614 2446 645 2502 ct
667 2456 730 2502 non
753 2441 849 2503 modo
872 2439 945 2503 illos
965 2439 1127 2504 creatione
1141 2439 1223 2502 coeli
1237 2447 1271 2502 et
1284 2448 1352 2503 ter·

133 2563 189 2608 rae
208 2547 404 2628 antiquiores
428 2547 547 2628 posuit,
570 2545 625 2609 sed
649 2547 744 2608 etiam
766 2548 872 2610 lucem
907 2547 1079 2628 quamdam
1100 2554 1174 2610 ante
1210 2557 1354 2613 creatum

137 2656 296 2719 anundum
318 2655 477 2719 exstitisse
497 2655 642 2731 asseruit,
665 2663 772 2719 nostra
791 2656 921 2736 quidem
937 2739 942 2748 Ι
956 2656 1016 2717 bae
1036 2655 1177 2720 inferiori
1213 2657 1353 2738 splendi-

134 2764 271 2844 diorem,
295 2764 370 2829 huic
392 2748 505 2826 tamen
529 2773 706 2842 cognatam.
731 2761 833 2827 Licuit
853 2765 912 2828 hoc
932 2765 1010 2846 illis,
1041 2783 1237 2847 quamquam
1262 2768 1351 2832 nulla

132 2880 265 2951 cogente
286 2871 422 2936 naturali
453 2873 586 2937 ratione.
608 2871 708 2937 llulto
729 2874 829 2953 magis
853 2874 949 2952 igitur
970 2875 1063 2938 nobis
1085 2875 1182 2939 modo
1211 2875 1346 2951 licebit,
1385 2955 1388 2959 Ι

132 2981 267 3060 longum
290 2999 409 3063 ponere
430 2982 584 3063 temporis
605 2982 815 3062 intervallum,
840 3000 905 3047 non
926 2984 1056 3066 quidem
1080 2991 1153 3046 ante
1175 2984 1258 3050 coeli
1281 2995 1346 3049 ter·

132 3074 253 3171 raeque
274 3088 466 3174 creationem
487 3107 506 3152 e
526 3089 593 3153 Deo
613 3081 814 3174 inprincipie
835 3084 1031 3168 lactam'sed
1044 3083 1127 3156 inter
1140 3091 1224 3156 bano
1245 3092 1346 3156 etlro·

132 3197 228 3259 minis
252 3195 456 3275 creationem,
482 3214 555 3261 cum
580 3199 611 3261 id
635 3217 744 3262 verum
764 3199 1099 3283 stabilitumqueasse,
1123 3200 1345 3265 suadeantva-

130 3306 213 3369 lidae
234 3307 394 3370 naturales
416 3307 577 3389 rationes,
601 3309 877 3377 observationibus
898 3312 1060 3396 plurimis,
1084 3311 1265 3394 iisdemque
1283 3326 1349 3377 cer·

130 3415 260 3481 tissimis
284 3417 424 3487 innixae.
922 3417 924 3424 ’

671 3657 814 3705 rtlltS.
900 3682 902 3684 ·

55 4339 58 4345 ·
154 4326 167 4376 l
189 4322 290 4377 Collut.
311 4326 382 4379 Vill.
402 4340 427 4380 e.
440 4328 470 4380 7.

104 4418 106 4423 ’
150 4419 167 4469 b
188 4419 257 4476 coll.
278 4423 336 4478 vll.
357 4439 381 4477 e.
402 4427 445 4476 13.
