2970 5002
1192 318 1254 379 1t¹t

29 440 144 512 Quaeri
166 441 261 518 igitur
283 443 389 519 solet,
413 457 469 502 cur
492 448 596 502 eareat
620 440 687 503 dies
710 441 868 503 secundus
889 446 1119 524 approbatione
1143 470 1200 514 sua
1225 460 1258 516 et
1284 515 1290 525 ,

31 549 312 611 commendatione
333 566 414 628 quae
435 549 570 611 aliorum
593 548 718 610 dierum
740 551 892 628 operibus
927 556 1190 620 accommodatur
1212 561 1255 621 ci-

32 656 106 716 tatis
122 656 236 717 verbis:
260 657 301 718 Et
315 656 396 718 vidit
411 658 494 719 Deus
515 663 576 717 etc.
599 656 682 718 llaec
703 656 771 719 eius
795 657 840 718 rei
863 657 986 722 videtur
1007 678 1078 723 esse
1099 666 1191 728 ratio.
1216 668 1259 728 0·

32 781 93 843 pus
115 765 210 828 buius
231 765 293 828 diei
314 765 542 849 fultaquarum
564 766 760 842 distributim
783 764 861 828 baec
881 774 989 831 autem
1025 771 1120 833 unius
1143 774 1252 837 firma-

32 863 134 936 menti
156 893 217 955 ope
237 876 377 958 perlecto
400 893 464 939 non
488 882 547 936 est:
573 874 682 936 divisis
707 875 1034 957 enimsuperioribus
1049 881 1139 959 aquis
1153 881 1193 944 ab
1209 884 1256 944 in-

30 980 211 1063 ferioribus,
233 983 392 1064 reliquum
415 989 496 1064 erat,
520 988 556 1043 ut
578 982 638 1042 bae
657 999 676 1042 a
697 981 840 1061 partibus
854 983 1047 1064 quibusdam
1071 989 1255 1068 superficiei

34 1093 193 1153 terrestris
218 1093 418 1167 recederent,
441 1099 477 1152 ut
500 1091 668 1171 adpareret
701 1093 796 1153 crido
829 1111 910 1173 quae
943 1103 1053 1174 posset
1083 1097 1258 1161 barbarum

31 1198 189 1261 viriditate
211 1202 330 1275 vestiri,
353 1212 386 1262 et
404 1199 551 1262 animalia
573 1199 742 1262 sustinere.
765 1198 860 1279 Opefl
882 1201 977 1281 igitur
999 1204 1142 1266 nondum
1176 1224 1255 1286 per-

32 1310 117 1372 lecto
138 1324 203 1368 non
226 1314 360 1384 negatur
380 1306 626 1390 commendatio,
648 1309 705 1370 sed
728 1308 872 1372 differtur
885 1328 923 1372 ac
939 1327 1011 1372 vere
1024 1311 1172 1375 tribuitur
1195 1314 1256 1393 ipsi

32 1436 59 1480 v.
87 1422 127 1481 10
147 1436 247 1498 quum
270 1417 330 1479 iem
352 1415 530 1497 perlectum
550 1424 610 1478 ast:
633 1416 738 1478 addita
759 1419 989 1498 approbatione
1022 1421 1120 1481 altera
1159 1440 1256 1502 pecu·

35 1528 121 1589 liaris
157 1527 262 1605 operis
286 1524 396 1586 tertiae
416 1523 500 1600 diei,
526 1524 745 1603 productionis
779 1543 894 1605 nempe
932 1526 1136 1606 plantarum,
1170 1547 1254 1608 quae

34 1641 228 1698 memoratur
249 1651 278 1694 v.
305 1635 356 1696 12.
378 1626 547 1696 Nonnullis
569 1639 676 1694 tamen
691 1633 806 1712 placet,
822 1634 1033 1696 emersionem
1056 1643 1158 1696 terrae
1173 1645 1204 1697 et
1220 1655 1258 1697 a·

36 1763 172 1827 quarum
193 1743 419 1807 collectionem
436 1741 468 1802 in
483 1741 567 1802 diem
583 1741 756 1802 secundam
769 1740 897 1817 referre,
915 1749 950 1803 ut
965 1741 1011 1803 sic
1033 1742 1155 1804 nullam
1171 1744 1257 1805 diem

37 1858 103 1919 sine
124 1854 355 1936 approbatione
378 1868 436 1914 sua
458 1851 651 1930 relinquant.
674 1849 782 1930 ltaque
795 1851 882 1931 quod
897 1854 963 1913 ν.9
992 1851 1255 1929 immaculate

35 1980 110 2026 uero
134 1964 229 2026 Deua:
247 1963 478 2042 Conprepentur
491 1975 603 2042 oquae:
619 1958 665 2019 sic
685 1957 846 2037 accipiunt
861 1966 1022 2040 tamquam
1037 1959 1192 2037 scriptum
1207 1976 1256 2019 es-

34 2083 92 2137 set:
118 2073 257 2135 Dixerat
283 2088 359 2133 cero
384 2071 479 2132 Deos.
501 2068 620 2129 Verum
642 2083 715 2128 cum
737 2067 806 2128 dies
828 2067 988 2128 secundus
1009 2066 1176 2128 claudatur
1190 2071 1257 2130 v.8

31 2189 187 2246 consueta
207 2179 365 2242 formula:
389 2179 430 2239 Et
455 2175 520 2254 serit
549 2191 683 2255 vespera
715 2183 805 2253 etc,
841 2176 947 2237 minos
985 2175 1143 2236 laudanda
1177 2176 1256 2238 baec

28 2293 145 2373 opinio
166 2289 301 2351 videtur.
326 2287 486 2357 Ceterum,
515 2284 601 2365 quod
637 2283 698 2344 iam
725 2282 911 2362 admonui(
936 2284 953 2362 ᾖ
981 2283 1104 2362 XXX),
1133 2285 1158 2346 si
1188 2285 1256 2348 dies

23 2403 87 2465 isti
101 2409 176 2462 sunt
191 2400 316 2476 ignotae
339 2394 557 2459 diuturnitatis
578 2393 726 2474 periodi,
752 2410 865 2473 parum
897 2392 994 2456 refert
1009 2399 1116 2458 utrum
1141 2395 1180 2457 ad
1204 2411 1255 2457 se·

23 2511 172 2578 condam
192 2515 248 2574 aut
268 2507 309 2570 ad
336 2506 461 2570 tertiam
482 2505 612 2592 quidam
627 2503 758 2568 effectus
780 2503 982 2582 reducantur,
