2970 5002
235 272 293 331 180

242 425 256 461 a
271 421 418 469 oceasum
435 407 570 470 labentis
585 407 733 486 prosequi
747 415 864 485 posset,
881 415 912 470 et
927 409 1051 471 ruitum
1067 424 1161 471 suum
1177 406 1365 471 circumiere
1376 421 1434 470 cun
1474 485 1475 489 Ἰ

245 492 353 589 ricto,
368 515 506 592 sublime
520 514 593 576 iecit
611 516 657 576 iiii
673 524 778 594 caput.
796 533 813 573 »
825 516 920 578 Siiius
933 534 982 591 xv,
1001 517 1052 580 st:
1088 593 1092 599 ὁ

397 733 502 793 Nonne
515 731 615 811 eides,
628 732 786 797 immicum
800 741 835 795 ut
850 732 948 795 celsos
962 731 1004 793 ud
1014 729 1122 799 sideru
1135 729 1244 809 uultus

396 839 569 903 sustulerit
586 843 681 921 Deus,
696 859 733 904 ae
748 841 897 907 subtimiu
911 841 1045 920 finecerit
1060 839 1134 902 ora?
1305 830 1308 838 ⁴

283 1055 472 1131 Aristoteles
487 1055 596 1118 scribit
615 1060 640 1116 1:
662 1076 676 1113 i
698 1055 831 1120 Rectum
846 1064 895 1118 est
908 1055 1012 1118 seium
1027 1055 1088 1118 boc
1102 1057 1219 1119 enimsi
1241 1075 1282 1121 er
1295 1061 1432 1138 omnibus,
1469 1054 1475 1169 i

242 1187 257 1224 e
282 1183 319 1229 eo
332 1167 417 1248 quod
432 1158 544 1230 nature
557 1165 625 1229 eius
639 1172 670 1227 ei
685 1166 859 1256 substantie
873 1166 978 1228 divina
992 1166 1043 1228 sit.
1063 1167 1159 1229 Porro
1174 1185 1256 1247 opus
1271 1170 1351 1248 eius,
1365 1172 1433 1251 qued
1472 1174 1475 1199 ¹

241 1298 255 1333 e
277 1283 326 1338 est
350 1274 591 1361 divinissimum,
608 1274 784 1351 intelligere
797 1283 846 1337 est
857 1291 895 1337 ee
906 1290 1026 1354 sapere.
1042 1274 1108 1338 Huc
1121 1283 1228 1338 eutem
1243 1295 1307 1339 non
1320 1279 1368 1340 e'st
1380 1278 1435 1339 iaci·
1469 1212 1475 1323 4

240 1405 258 1451 a
284 1387 324 1464 le,
337 1391 362 1448 si
377 1392 466 1470 vasta¹
479 1386 619 1464 eorporis
633 1384 733 1447 moles
746 1369 883 1464 desuper
906 1385 1114 1447 incumberet.
1140 1385 1218 1448 Nem
1237 1388 1371 1463 gravitas
1385 1396 1435 1448 iar·
1470 1346 1475 1461 ἶ

243 1515 257 1554 a
278 1497 401 1558 diorem
422 1500 561 1556 mentem
576 1493 689 1569 reddit,
706 1480 899 1574 sensumque
913 1509 1125 1568 communem.
1142 1513 1160 1554 >i
1472 1474 1475 1492 ⁵

279 1604 449 1682 Gregorius
473 1602 654 1666 Nissenus2
674 1609 791 1663 rectem
804 1601 940 1664 bominis
952 1601 1085 1692 figurem
1097 1603 1178 1664 etad
1191 1603 1318 1666 coelum
1331 1603 1438 1666 tenden·
1472 1656 1475 1661 .

239 1722 314 1789 tem,
331 1713 454 1791 imperii
469 1729 506 1775 ac
526 1690 703 1792 potestatis,
721 1720 753 1772 et
766 1713 869 1790 regiae
883 1712 1047 1773 cuiusdam
1064 1687 1435 1792 dignitatisergumeutun
1473 1728 1475 1733 ·

239 1837 320 1896 esse,
337 1819 457 1882 scribit.
467 1821 546 1883 Cum
560 1837 578 1880 e
590 1820 748 1880 contrariu
758 1819 928 1880 animantia
939 1825 1043 1880 cetera
1057 1830 1156 1903 piena
1171 1827 1203 1881 ei
1215 1821 1246 1881 iu
1261 1828 1375 1882 terrem
1386 1837 1437 1899 spe·
1472 1884 1475 1893 ,

132 1995 133 1998 ,
238 1931 370 2008 utentia,
397 1929 582 1991 servitutem
607 1937 638 1990 et
662 1927 908 1990 submissionem
926 1929 1022 1990 'suam
1045 1945 1085 1988 eo
1108 1928 1254 2006 eorporis
1277 1926 1384 2002 habitu
1403 1937 1437 2006 te·
1472 1904 1475 1925 ¹

136 2112 138 2116 Ι
244 2045 380 2100 stentur.

289 2168 303 2204 a
325 2147 447 2227 Corpus
463 2146 611 2221 bominis,
628 2145 672 2207 ait
685 2144 883 2223 Augustinus
901 2148 929 2221 ³,
946 2145 1020 2226 quia
1041 2146 1147 2208 solum
1169 2144 1252 2206 inter
1275 2144 1436 2206 auimaiiun

246 2276 261 2311 e
284 2261 481 2341 terrenorum
496 2270 629 2333 corpora
645 2270 708 2315 non
722 2269 858 2330 pronum
874 2255 904 2314 in
919 2253 1023 2315 aivum
1040 2259 1235 2332 prostratum
1252 2260 1315 2332 est,
1331 2270 1399 2315 eum
1410 2252 1437 2310 sii

245 2385 259 2419 a
286 2362 407 2426 visibile
422 2364 506 2425 etad
522 2363 712 2425 intuendum
728 2362 852 2424 coetum
868 2370 1020 2440 erectum,
1034 2361 1122 2442 quud
1137 2369 1186 2422 est
1201 2358 1390 2442 principium
1402 2352 1434 2419 ii-

244 2494 262 2528 u
283 2470 436 2550 sibilium,
451 2488 644 2551 quemquam
657 2488 721 2532 non
736 2488 793 2532 sue
808 2470 865 2532 sed
883 2472 1006 2532 animae
1022 2471 1196 2550 praeseutia
1212 2472 1320 2532 vivere
1342 2486 1436 2548 coguo-

197 2656 206 2675 ᾗ
247 2599 260 2632 u
281 2585 398 2657 scatur,
411 2585 518 2640 tamen
536 2596 600 2640 non
614 2579 709 2641 modo
722 2580 796 2657 quia
808 2587 857 2640 est
870 2587 902 2641 et
921 2581 953 2641 iu
969 2586 1197 2658 quantum'est,
1214 2580 1328 2659 utique
1343 2579 1437 2641 benun

247 2710 262 2742 u
283 2693 342 2761 est;
354 2685 409 2747 sed
421 2686 516 2748 etiam
528 2687 602 2764 quia
614 2685 676 2747 tale
688 2692 745 2761 est,
761 2694 797 2748 ut
807 2687 847 2747 ed
859 2686 1141 2765 contemplandum
1153 2688 1281 2748 eoelum
1294 2688 1336 2748 sit
1347 2687 1438 2766 aptius,

244 2817 262 2873 u
285 2795 386 2870 magis
399 2796 430 2855 in
450 2775 562 2856 hoe'ad
576 2795 1043 2871 imaginem·et'simiiitudinem
1058 2793 1126 2872 Dei,
1141 2811 1238 2874 quam
1261 2804 1367 2857 cetera
1387 2810 1438 2854 cer·
1459 2773 1462 2782 ¹

245 2923 263 2963 «
286 2919 361 2981 pura
377 2903 573 2977 animalium,
591 2902 709 2964 fectum
723 2903 790 2963 iure
812 2903 910 2963 videri
926 2912 1040 2982 petest.
1063 2920 1081 2962 a
1097 2903 1231 2965 Tametsi
1247 2905 1300 2968 hic
1315 2903 1440 2967 concedat

244 3013 572 3093 Augustinus,corpus
585 3013 721 3075 bominis
735 3014 920 3092 animatum,
929 3016 1035 3094 atiquo
1046 3014 1202 3090 modoad
1214 3013 1271 3076 Dei
1282 3011 1437 3076 similitudi·

244 3138 318 3182 nem
344 3121 472 3198 iactum,
491 3130 595 3184 tamen
617 3123 812 3184 materialem
836 3123 1079 3184 similitudinem
1103 3123 1246 3204 corporis
1270 3126 1372 3186 nostri
1387 3135 1438 3183 eun

243 3231 310 3293 lieo
324 3233 398 3293 alibi
408 3233 506 3292 reiicit
519 3229 536 3279 ⁴
550 3240 586 3294 ut
597 3231 845 3300 ridiculumimo
857 3232 986 3312 impium
998 3232 1195 3310 figmentum,
1209 3233 1377 3314 ducetque,
1387 3233 1440 3293 ina·

247 3339 352 3412 ginem
367 3339 423 3401 Dei
435 3340 474 3400 ed
489 3356 585 3418 quam
599 3323 699 3402 iectus
713 3340 809 3403 homo
831 3340 957 3418 dicitur,
971 3357 1035 3402 nou
1048 3342 1080 3402 in
1090 3341 1240 3402 exteriori
1253 3341 1390 3418 bomine,
1401 3332 1439 3400 sed

246 3448 277 3507 in
294 3437 434 3509 interiori
447 3450 575 3529 proprie
597 3449 779 3533 consistere.
795 3450 892 3513 Recte
906 3457 1012 3512 tamen
1027 3459 1148 3525 statura
1170 3456 1203 3510 et
1218 3449 1327 3512 vultus
1343 3450 1372 3512 iu
1386 3461 1440 3510 eoe-

248 3556 316 3616 lum
328 3563 451 3618 erectus
465 3558 580 3619 iudicat
591 3560 731 3623 animum
747 3559 887 3639 eorporis
903 3555 1201 3635 rectorem,ceelesti
1215 3567 1323 3620 satum
1336 3555 1441 3633 origiue,

248 3664 370 3746 Deique
385 3666 531 3743 similem,
546 3669 739 3731 aeternitatis
753 3677 785 3732 et
807 3668 977 3735 divinitatis
992 3684 1152 3748 capacem,
1167 3683 1308 3749 superne
1323 3670 1441 3752 spectati

183 3762 185 3766 ’
249 3791 286 3836 ae
300 3792 395 3855 porro
407 3775 552 3862 affectare
565 3777 691 3841 debere.
707 3777 842 3856 Etenim,
856 3778 886 3842 si
901 3777 984 3842 iunii
997 3778 1129 3858 vitrum,
1143 3776 1257 3858 quami
1273 3766 1441 3858 meruerit

285 4057 299 4104 1
320 4057 446 4122 bipart.
469 4059 584 4114 animat.
603 4066 634 4117 L·
652 4064 696 4115 tv.
716 4063 745 4115 C.
767 4065 811 4118 1⁰.

274 4156 303 4207 v2
320 4157 358 4206 De
377 4156 446 4209 hom.
466 4156 553 4226 opific.
572 4175 595 4212 c.
615 4161 641 4211 8.

284 4256 352 4308 3111
370 4250 400 4304 b.
420 4254 455 4304 83
476 4258 583 4320 Quaest.
602 4270 630 4321 q.
651 4259 692 4308 Li.

285 4351 359 4404 itte
380 4353 447 4409 Gen.
467 4351 681 4411 contraeunt.
701 4367 724 4408 c.
744 4355 787 4408 17.
