2970 5002
1273 336 1333 406 ido

119 466 231 532 nniiem
252 467 286 530 in
319 464 501 532 huiusmodi
533 466 684 531 creaturis
721 481 790 529 esse
824 465 1004 532 sensitivam
1035 469 1242 557 tenuitatem,
1272 479 1329 543 sed

118 575 316 643 omniuo-ees
335 577 470 657 apathes
491 577 652 639 exsistere.
674 573 829 637 Animalia
855 591 919 639 non
941 583 1037 655 sunt,
1065 582 1151 644 iuxta
1178 600 1204 646 s.
1239 583 1325 650 Tho·

117 702 208 763 mam,
232 700 315 767 quae
336 692 446 750 curent
461 685 554 749 loeaii
578 692 664 748 motu
691 691 722 747 et
748 701 864 764 senso,
886 686 997 767 quihus
1019 688 1194 754 animatum
1213 691 1253 754 ob
1274 695 1327 757 in-

116 796 250 859 dnimoto
272 794 413 858 maeeime
438 793 665 875 distiopuitor,
689 799 722 856 et
743 794 777 855 in
810 792 926 874 quihus
954 795 1021 874 ipse
1049 796 1119 861 vito
1152 806 1200 862 est
1220 802 1327 864 noeni-

119 910 150 968 iu
174 903 202 964 ¹.
227 896 273 968 D'e
304 903 353 967 his
385 918 451 967 non
485 903 625 983 loquitor·
655 901 781 977 nosos,
815 916 919 981 neque
950 903 1106 985 zoophyte
1139 907 1216 986 poni
1248 925 1327 988 pos-

119 1013 292 1080 snntinter
322 1009 455 1092 reptilia
477 1016 533 1073 aut
559 1015 624 1073 cete
656 1016 710 1071 ent
735 1007 818 1070 inter
848 1009 1005 1075 volatitia.
1028 1012 1114 1076 Idem
1136 1022 1162 1078 s'.
1187 1013 1324 1079 Thomas

118 1128 177 1210 ait,
197 1126 307 1190 idoseu
330 1137 397 1186 non
421 1118 510 1202 ioqui
534 1117 825 1213 dominerelibus,
849 1119 923 1200 qnia
945 1121 1022 1184 haee
1046 1139 1107 1186 non
1127 1124 1323 1188 habentem·
1423 1158 1425 1162 ·

117 1234 264 1317 otfestam
284 1230 516 1298 distinctionem
539 1247 560 1290 o
582 1235 670 1291 terro
688 1227 716 1290 2.
739 1227 785 1291 lte
799 1227 840 1292 de
859 1229 1024 1311 neophytis
1045 1231 1112 1312 ipse
1137 1235 1326 1298 unnediee-

115 1348 183 1420 ret,
205 1341 280 1422 qaia
303 1339 503 1404 manifestum
525 1354 544 1400 a
564 1337 681 1420 plantis
702 1333 939 1402 distinctionem
961 1335 1168 1405 nonirahent.
1185 1341 1323 1420 igitnrsi

118 1450 390 1514 demonstraretur
410 1465 428 1511 s
451 1447 618 1529 geologis,
641 1449 795 1530 quasdam
818 1447 941 1531 speeies
961 1466 1001 1513 ex
1026 1450 1087 1512 hee
1120 1449 1242 1525 siesse,
1266 1437 1325 1515 seu

116 1557 223 1640 potius
245 1556 428 1640 provincia,
452 1565 526 1621 ante
547 1559 627 1621 hune
642 1558 726 1623 diem
748 1558 920 1639 productas
934 1559 1032 1623 foisse
1044 1606 1054 1640 ,
1068 1558 1148 1623 nihil
1163 1559 1236 1622 inde
1251 1577 1328 1640 pro-

113 1665 197 1730 tento
217 1672 329 1731 eontm
348 1666 475 1731 Saeuam
497 1666 666 1731 Historiam
686 1667 801 1731 deduei
820 1675 939 1748 posset.

148 1774 332 1855 Numquam
352 1773 534 1837 deanimaii
555 1776 587 1838 in
609 1792 724 1855 genere
749 1775 783 1839 in
807 1774 867 1838 hae
886 1775 1066 1849 narratione
1086 1775 1233 1840 meminit
1254 1777 1327 1842 hio-

111 1886 175 1947 s'es.
189 1882 293 1957 Quare
315 1881 418 1947 dicere
433 1900 619 1966 possumus,
640 1883 830 1949 formatione
846 1894 960 1948 eornm
980 1884 1163 1948 animalium
1183 1882 1265 1968 puae
1284 1888 1327 1951 ad

113 1991 231 2056 eiasses
243 1991 356 2074 quinto
375 1999 408 2055 et
420 2002 511 2058 sexto
530 1994 763 2071 deiudicatus,
787 1991 1057 2075 nonreteruntur,
1078 2010 1161 2075 qnae
1174 1997 1326 2062 nimirum

118 2114 181 2163 nee
201 2099 343 2167 voietitin
362 2110 459 2183 sunt,
484 2118 543 2166 nee
558 2102 722 2183 repentia,
745 2118 805 2165 nee
824 2090 986 2183 nammis,
1003 2103 1021 2184 (
1030 2101 1136 2170 animo
1156 2105 1267 2169 niveus
1280 2087 1335 2170 ate

114 2225 175 2292 pue
195 2207 379 2290 motodilt's)
401 2226 459 2272 nee
483 2209 619 2290 pedibus
639 2210 872 2289 gradiendas,
896 2210 1001 2291 ipsum
1034 2211 1167 2298 omnino
1188 2212 1333 2308 'silentio

112 2313 325 2398 praeteriisse.
346 2317 535 2392 Praeterea,
558 2323 596 2381 ut
620 2319 799 2384 andivimus
823 2318 834 2402 t
847 2321 865 2400 ξ
886 2319 957 2404 hv)
991 2338 1010 2383 a
1033 2337 1061 2383 s.
1088 2301 1232 2399 rumh,
1266 2320 1330 2383 Mos

115 2428 168 2488 sss
189 2438 227 2489 to
252 2428 375 2490 tuntum
396 2425 562 2508 proposuit
586 2420 673 2510 quoe
686 2428 723 2492 in
745 2428 912 2510 manifesto
938 2430 1109 2512 apparent.¹
1131 2428 1231 2508 Igitur
1264 2446 1335 2495 non

114 2530 255 2598 absurde
274 2531 388 2615 aliquis
408 2534 549 2616 diceret,
570 2553 647 2600 eum
675 2543 779 2600 toeere
805 2538 845 2602 de
872 2540 1048 2607 innumeris
1061 2539 1128 2605 iliis
1149 2538 1336 2604 ahimeieu-

113 2637 153 2701 iis
172 2637 432 2720 mieroseopieis,
456 2657 538 2723 quae
558 2641 679 2707 tossilia
691 2645 901 2726 reperiuntur,
919 2654 955 2710 ut
975 2644 1058 2710 tadu
1077 2645 1118 2710 de
1138 2646 1335 2728 eorporditts

112 2745 177 2810 iliis
203 2746 435 2830 mineraiibias,
460 2759 597 2832 quarum
620 2769 685 2829 non
707 2770 837 2833 parrum
864 2761 990 2836 purtem
1012 2755 1082 2836 ipsa
1114 2754 1328 2832 constitnerit.

113 2855 204 2918 idem
228 2855 292 2920 diei
311 2864 419 2938 potest
449 2858 584 2924 tortasse
604 2860 644 2923 de
672 2859 849 2937 tritohitis,
873 2863 930 2944 qni
953 2864 1029 2926 lieet
1054 2862 1206 2928 temriinm
1235 2863 1332 2929 mnam

113 2960 200 3025 oiim.
208 2963 432 3030 constituerint
456 2966 490 3029 in
515 2966 616 3030 classe
636 2973 897 3047 orastneeoram,
921 2973 1027 3033 temen
1053 2976 1141 3033 certe
1164 2985 1234 3038 non
1254 2968 1331 3034 strat

113 3068 199 3134 inter
218 3082 257 3135 ει
274 3120 282 3152 ,
305 3089 385 3155 poue
407 3072 442 3137 in
459 3072 627 3156 manifesto
649 3075 814 3156 adparent.
830 3075 909 3141 Num
925 3074 1037 3140 eosdm
1050 3078 1182 3158 antique
1193 3078 1330 3142 exisie‘n·

117 3179 162 3243 tie
183 3196 249 3244 non
268 3181 367 3246 modo
388 3181 537 3245 Hebraeis
556 3183 665 3261 ignote
690 3191 781 3264 erat,
808 3184 865 3246 sed
888 3184 984 3247 etium
1005 3184 1161 3248 naturalis
1179 3184 1332 3249 historiae

119 3283 301 3351 cultoribus
331 3287 491 3352 veteribus
518 3292 615 3367 atque
633 3288 839 3364 recentibus,
862 3304 964 3369 usque
985 3290 1025 3352 ed
1051 3290 1129 3354 heee
1158 3291 1332 3354 novissima

120 3396 267 3477 tempora
280 3394 344 3477 ,in
364 3396 480 3478 quibus
507 3396 570 3460 iam
591 3396 756 3478 petreiaeti
777 3414 795 3460 e
809 3400 942 3461 terrenis
956 3397 1063 3462 effossi
1077 3405 1153 3462 sunt
1172 3405 1269 3480 a'tqtie
1282 3417 1332 3464 nea

117 3509 230 3567 enrate
250 3492 410 3585 inspeeti;
432 3520 492 3567 nee
511 3492 574 3567 nisi
587 3510 670 3584 post
692 3497 825 3568 multem
841 3505 1098 3586 disquisitionem
1112 3492 1152 3570 de
1163 3506 1201 3570 iis
1216 3507 1334 3572 fantum

118 3616 395 3693 sempeternus,
408 3610 448 3675 ad
469 3618 631 3676 crustaeea
654 3626 710 3676 eos
735 3612 916 3695 pertinere,
938 3622 998 3679 u'ee
1025 3613 1161 3694 pedihus
1177 3615 1331 3696 euenisse,

153 3898 172 3949 1
189 3898 216 3951 1.
233 3899 264 3952 Ρ.
281 3911 310 3967 q.
328 3899 398 3954 htx.
414 3909 455 3954 nr.
471 3895 499 3954 2.
517 3895 553 3952 ad
569 3897 596 3951 t.

157 3991 179 4044 Ἃ
196 3996 228 4048 Ι..
247 4008 271 4049 e.
288 3992 324 4048 ed
342 3994 370 4048 3.

133 4137 136 4141 ,
154 4083 209 4148 S‘o
226 4084 265 4146 hie
280 4086 455 4162 omnihus,
472 4084 606 4148 mohihdu
618 4089 676 4148 sirie
694 4090 766 4148 testd
781 4084 808 4149 et
825 4088 969 4162 inopinatis
986 4093 1036 4160 nii,
1058 4098 1106 4150 a‘nt
1123 4096 1200 4161 iere,
1221 4097 1249 4150 in
1268 4099 1338 4153 Seri·

118 4183 229 4256 pteris:
247 4183 318 4242 nihii
333 4188 440 4246 omuino
457 4190 485 4246 iu
501 4184 615 4246 historia
631 4192 774 4248 creationis
792 4204 818 4245 o.
837 4193 923 4248 verba
940 4202 1022 4259 sum‚·
1039 4192 1067 4247 ni
1085 4193 1212 4263 memoria
1231 4187 1273 4246 me
1285 4190 1335 4247 tai-

117 4283 176 4351 itt,
192 4289 265 4341 sam.
284 4288 419 4346 hucherti.
438 4288 524 4346 titium
542 4289 695 4357 plantarum
713 4284 876 4361 donatii'iu'm
893 4290 965 4346 uuita
992 4299 1034 4346 est
1062 4288 1161 4345 tuentio
1177 4292 1205 4346 iu
1223 4283 1336 4346 historia

117 4383 274 4442 creationis.

1145 4488 1163 4523 tt
