2970 5002
228 282 269 348 ou

230 439 249 483 n
270 421 452 502 priusquam
474 419 586 480 tierent
607 418 763 490 universa,
788 424 857 478 erat
880 419 910 478 in
931 416 1205 480 rationasummae
1225 420 1448 501 naturaequid

229 551 248 592 a
269 538 324 592 aut
345 528 450 609 qualia
479 532 536 590 aar
572 525 701 607 quando
722 524 827 587 lutura
852 535 974 587 assant:
996 542 1094 605 quara
1113 536 1189 588 eum
1210 539 1249 589 ea
1271 531 1449 610 quaefacta

229 659 248 701 «
270 646 345 703 sunt
366 637 485 699 clarum
512 635 552 697 sit
572 634 650 696 nibil
674 633 773 697 luisse
792 643 963 715 antequam
979 632 1100 710 iterent,
1117 642 1276 717 quantum
1298 637 1344 700 ad
1371 639 1451 716 boe,

230 769 248 808 n
270 748 428 826 quianon
451 754 543 806 erant
571 745 657 823 quod
679 757 764 804 nune
785 753 859 804 sunt
891 759 950 803 nee
970 752 1063 803 arant
1085 760 1203 823 exquo
1227 743 1372 822 fiarent;
1392 765 1449 810 non

230 875 249 916 n
272 863 375 914 tamen
396 852 473 913 nihil
501 858 590 912 erant
612 859 768 930 quantum
787 850 826 911 ud
849 849 1004 911 rationem
1025 849 1168 965 lenientis
1184 867 1275 930 ,par
1295 867 1402 933 quam
1419 864 1448 917 et

231 980 249 1023 n
270 958 443 1022 secundnm
465 974 560 1054 quarn
582 955 704 1019 tierent.
718 973 749 1016 n.

267 1103 361 1169 XXV
373 1042 632 1179 DensUilW
645 1100 779 1165 Etenim:
793 1094 1446 1182 unumestexbebraieisbeiuominibns,

231 1251 316 1331 qued
347 1250 523 1312 derivatum
554 1251 595 1312 ab
618 1212 698 1325 &N
708 1245 829 1327 fortis,
845 1245 900 1307 Der
916 1245 1066 1309 creatoris
1087 1247 1265 1326 potentiam
1281 1251 1444 1329 speciatim

232 1359 383 1420 ostendit.
403 1358 527 1422 Nomen
551 1339 719 1420 boebabet
738 1354 909 1435 pluralium
924 1357 1189 1418 terminationem:
1208 1365 1322 1421 tamen
1339 1359 1440 1421 nonni·

231 1485 261 1527 si
252 1466 475 1543 singulariter
494 1468 578 1527 sumi
599 1470 716 1544 potest,
741 1464 880 1542 quando,
896 1461 942 1523 nti
958 1462 1047 1523 boe
1038 1481 1070 1524 in
1094 1442 1176 1538 loeo,
1199 1465 1364 1562 singulari
1377 1477 1438 1529 ver·-

229 1574 273 1635 bo
288 1573 298 1654 l
315 1571 456 1652 creavit)
478 1573 681 1650 coniungitur
703 1577 735 1631 at
756 1586 830 1632 vero
852 1569 917 1632 lieo
937 1569 1129 1650 applicatur,
1143 1571 1235 1632 euius
1257 1575 1369 1636 unitas
1383 1576 1438 1637 ubi·

226 1698 288 1760 que
309 1679 340 1740 in
361 1679 530 1760 Scripturis
554 1678 753 1759 praedicatur
774 1676 822 1736 vel
843 1677 1074 1756 supponiturt.
1104 1677 1275 1740 Voltairius
1291 1681 1438 1743 baeever·

228 1789 270 1853 ba
290 1788 334 1848 ita
356 1789 492 1866 satyrice
513 1788 758 1866 interpretatur:
782 1785 835 1846 Dii
857 1782 1012 1864 fecerunt,
1039 1785 1089 1846 vel
1112 1776 1164 1847 Dii
1176 1785 1255 1866 feeit
1270 1788 1393 1852 eoelum
1413 1797 1436 1850 et
1473 1788 1475 1799 '

227 1903 350 1957 terrent
375 1892 406 1957 2,
429 1892 566 1974 Reponit
585 1892 633 1956 illi
654 1890 792 1967 Guenee,
818 1891 1017 1984 innbebraiea
1039 1891 1146 1971 lingna
1178 1903 1265 1955 certa
1287 1897 1433 1976 quaedam

228 2005 367 2079 nomina,
384 2002 605 2064 terminatione
619 2000 767 2080 pluralia,
791 1999 944 2060 sumenda
957 2017 1027 2060 esse
1042 2010 1077 2063 ut
1090 1990 1277 2082 singularia,
1302 2020 1433 2082 praeser-

231 2111 288 2172 tim
310 2127 408 2189 quum
430 2117 598 2171 contextus
618 2107 772 2199 (arationis
791 2097 843 2168 ve'l
864 2108 1047 2171 coniunctio
1075 2126 1148 2171 eum
1171 2096 1270 2170 v'erbo
1291 2121 1432 2175 anteum

226 2219 381 2281 adieetivo
405 2219 558 2297 singulari
588 2217 762 2282 ostendunt
784 2212 825 2278 de
847 2234 910 2279 uno
931 2214 1038 2297 aliquo
1062 2202 1243 2280 sermonem
1265 2214 1349 2282 e'sse.
1373 2220 1430 2295 lta,

210 2330 294 2407 ait,
315 2330 458 2407 quamvis
479 2328 636 2406 blizrainr,
661 2325 811 2406 Ephraim
832 2333 893 2388 ete.
915 2309 1082 2405 pluraliter
1104 2327 1262 2408 desinant,
1276 2327 1431 2407 singulari-

227 2445 277 2498 ter
297 2445 372 2498 snnt
392 2436 587 2516 accipienda,
609 2437 687 2499 dum
706 2435 812 2513 agitur
833 2435 872 2497 tle
894 2432 961 2496 filio
983 2433 1081 2511 Cam,
1106 2442 1161 2496 aut
1182 2436 1221 2495 de
1243 2447 1364 2516 nepote
1387 2435 1427 2496 la-

161 2600 164 2604 .
224 2543 309 2606 nobi.
331 2542 464 2605 Adonim
486 2545 609 2623 plurale
630 2550 688 2604 ast:
710 2552 744 2604 at
764 2544 891 2623 quando
913 2543 969 2604 lilii
991 2528 1096 2605 laeobi
1118 2543 1160 2604 ita
1182 2545 1351 2625 appellant
1373 2542 1428 2604 lra-

224 2661 307 2714 trem
326 2670 419 2719 suum
440 2651 611 2732 losepbum
635 2650 677 2729 3,
700 2671 765 2720 non
787 2662 894 2735 potest
913 2653 995 2716 verti
1016 2653 1141 2716 Domini
1153 2703 1160 2728 ,
1184 2652 1241 2714 aad
1264 2653 1427 2735 singulari-

225 2769 274 2820 ter
294 2763 432 2822 Dornine.
454 2760 500 2821 lta
522 2762 553 2822 in
569 2778 602 2821 re
626 2770 734 2824 nostra
755 2780 817 2824 vox
838 2761 974 2824 liloliirn.
998 2763 1126 2842 Aliquid
1140 2752 1297 2850 simile'in
1320 2765 1427 2827 nostris

226 2868 342 2946 linguis
356 2869 473 2946 existit3
486 2869 517 2932 in
539 2870 655 2959 quibus
671 2871 802 2950 plurale
821 2890 878 2935 uos
899 2873 1124 2954 indieatsaepa
1148 2872 1344 2951 singularem
1368 2890 1428 2953 per·

221 2976 366 3055 sonaml
386 2985 419 3039 et
442 2985 495 3049 est
515 2978 734 3045 observantiae
752 2980 916 3042 indicium.
932 2979 1019 3059 ldeo,
1041 2981 1129 3041 addit
1143 2980 1283 3063 Guenee,
1306 2982 1430 3045 tortasse

223 3083 570 3149 assueverantHebraei
592 3084 793 3148 inflectendis.
810 3086 976 3166 pluraliter
998 3087 1223 3168 vocibusquae
1245 3074 1426 3170 potentiam,

221 3192 309 3270 vim,
334 3199 391 3254 aut
409 3193 594 3274 dignitatem
627 3193 813 3274 indicarent,
838 3197 886 3257 uti
904 3204 979 3258 sunt
998 3194 1122 3257 Eloliirn
1149 3205 1181 3257 et
1202 3196 1346 3259 Adonim.
1362 3186 1429 3260 Ger·

222 3308 292 3362 tum
312 3309 361 3361 est
380 3301 673 3380 Eloliimhebraiee,
687 3304 816 3390 quando
838 3304 903 3365 Deo
924 3303 1085 3391 tribuitur,
1111 3320 1237 3381 semper
1257 3321 1333 3366 eum
1364 3321 1430 3365 ver·

220 3407 264 3468 bo
285 3407 435 3485 singulari
449 3413 599 3472 construi:
616 3420 649 3474 at
669 3413 796 3492 quande
817 3413 856 3483 de
867 3411 997 3490 Angelis
1012 3411 1061 3475 vel
1072 3414 1112 3476 de
1125 3394 1329 3492 Principibus
1344 3431 1429 3476 usur·

237 3545 272 3592 >1
290 3545 376 3598 Etiam
393 3546 440 3599 nbi
456 3547 552 3601 assuit
568 3549 618 3603 Dei
636 3550 768 3605 unitatem
790 3551 929 3618 scriptura
946 3549 1034 3605 utitur
1049 3551 1098 3612 baa
1114 3522 1197 3606 ‘rece
1216 3553 1296 3607 Dent.
1315 3553 1364 3616 lv,
1382 3551 1432 3613 33„

218 3637 272 3692 39:
291 3644 335 3706 vl,
353 3642 371 3692 d
388 3650 414 3706 et
432 3643 512 3696 alibi·

214 3785 219 3791 .
252 3739 271 3789 2
288 3739 446 3807 Laeviano
463 3739 561 3809 lirant,
580 3758 624 3806 on,
644 3745 682 3796 les
699 3743 790 3822 Dianae
800 3744 831 3811 fit
848 3744 873 3796 la
891 3742 942 3796 aial
955 3750 980 3797 et
993 3743 1112 3817 interra.

255 3835 273 3885 3
291 3837 357 3891 Gen.
374 3833 462 3890 xeu.
481 3839 525 3888 tu.

251 3933 270 3981 l
287 3949 302 3980 «
321 3937 375 4000 ligo
388 3935 500 4000 (addit)
520 3937 544 3989 si
561 3936 641 3988 alieni
660 3935 755 3988 diram:
778 3938 847 3988 Vens
863 3937 916 3990 dtas
927 3923 1185 4007 unt-ris-belasprit,
1204 3937 1274 3990 meis
1292 3952 1359 3990 nous
1372 3936 1433 3990 n'i·

217 4035 255 4078 ter
268 4041 319 4095 pas
335 4043 373 4080 nn
387 4031 506 4105 prosend
522 4031 688 4093 hebraisenn
712 4032 760 4084 illa
777 4048 842 4085 unus
860 4035 912 4087 dtas
923 4042 948 4086 et
959 4050 1025 4088 uena
1037 4042 1064 4086 n’
1076 4037 1127 4088 itas
1138 4047 1196 4098 nes,
1218 4035 1280 4088 lieet
1294 4036 1431 4102 pluralia,

219 4123 356 4186 coniuncta
374 4138 500 4190 eum-nn,
519 4129 616 4194 unique
624 4136 727 4183 tantum
746 4130 828 4193 dieta,
840 4129 1003 4197 singularem
1015 4129 1112 4185 babent
1124 4130 1359 4183 sensumGu'enen
1376 4132 1433 4182 Let-

217 4224 269 4266 tres
280 4218 310 4268 de
323 4221 448 4285 quelques
465 4221 534 4287 Inisa
551 4238 568 4273 a
579 4227 619 4278 M.
637 4226 668 4275 de
690 4210 806 4285 Votieni
819 4254 852 4268 -
865 4235 896 4286 V.
915 4231 996 4287 etiarn
1014 4229 1090 4285 Veitb
1108 4227 1209 4295 script.
1229 4227 1258 4282 S.
1279 4233 1376 4280 eontra
1395 4229 1435 4278 in-

219 4313 290 4363 erat.
303 4321 474 4382 propugnata
492 4317 599 4391 Pentat.
619 4325 680 4373 sect.
694 4321 721 4375 2.
