2970 5002
169 271 230 336 138

169 407 323 473 miraculo
341 405 489 470 bari‘non
501 401 617 485 potuit,
629 401 741 466 saltem
753 399 786 462 in
799 399 922 479 vulgari
935 396 1092 462 sententia
1105 395 1145 461 de
1157 394 1272 461 diebus
1284 394 1388 461 ilbo-

167 532 295 579 rarum:
314 516 444 593 insuper
469 509 726 592 evaporationem
746 523 875 592 quoque
897 505 1170 570 circumstantium
1195 520 1389 598 aquaruma

170 623 238 702 lieo
251 623 449 686 continenter
464 618 648 701 impeditam
661 617 768 695 inisse3
785 633 865 698 quae
879 614 1030 689 miracula
1046 614 1205 695 (quorum
1232 619 1388 683 remota-

167 731 224 794 atis
237 729 304 811 est)
319 730 477 792 seminum
501 725 555 790 vel
568 727 726 809 stirpium,
741 742 820 807 quas
836 725 920 790 Deus
941 727 1071 802 fecerat,
1086 720 1326 800 germinationi,
1342 719 1386 782 in-

169 846 343 915 cremento,
371 839 454 902 vitae
479 836 736 900 adversabantur:
752 836 796 897 ita
809 830 1039 896 duomiraeula
1062 829 1147 892 adid
1163 829 1387 893 ordinabantur

145 990 150 1000 -
172 954 208 1009 ut
220 946 349 1010 tertium
363 947 449 1010 aliud
462 945 652 1008 miraculum
667 943 879 1006 necessarium
891 939 992 1012 fieret,
1002 953 1121 1016 nempe
1131 945 1170 1024 'ut
1184 936 1316 1016 plantae
1330 936 1387 999 sina

169 1054 304 1117 bumore
316 1055 393 1134 ipsis
407 1054 536 1135 physice
549 1053 737 1128 necessario,
756 1057 945 1113 crescerent.
962 1048 993 1111 Si
1017 1047 1088 1127 quis
1112 1045 1186 1109 talia
1207 1046 1384 1123 admittere,

171 1160 262 1224 nullo
277 1160 392 1224 idoneo
415 1167 505 1238 teste,
522 1177 586 1222 non
611 1158 747 1234 dubitat,
771 1174 876 1223 noune
892 1156 942 1218 bic
956 1155 1080 1224 bellum
1097 1153 1328 1232 philosophiae
1341 1153 1385 1214 in-

170 1262 288 1332 dixisse
302 1269 364 1331 dici
379 1269 508 1349 potest?
522 1268 634 1333 Nonne
656 1267 688 1330 id
704 1262 812 1330 conari
825 1264 1010 1328 huiusmodi
1035 1265 1175 1344 sapiens,
1188 1261 1333 1338 videtur,
1354 1268 1382 1322 ut

172 1377 482 1461 Scriptorum,quam
496 1377 585 1458 sequi
599 1394 633 1438 se
647 1376 789 1453 affirmat,
808 1376 942 1439 naturae
954 1374 1067 1436 studiis
1082 1378 1239 1453 opponat,
1257 1373 1380 1437 borun-

172 1504 236 1568 que
251 1487 388 1550 cultores
403 1504 420 1547 a
434 1486 496 1549 lide
507 1485 627 1549 alienos
638 1486 743 1563 faciat,
756 1485 833 1548 dum
846 1484 913 1566 ipsa
924 1484 966 1547 ab
978 1485 1023 1548 eis
1035 1483 1203 1555 irridetur?
1219 1483 1318 1548 «Nou
1328 1490 1379 1545 tam

170 1616 189 1659 a
205 1596 375 1660 molestum
390 1605 450 1672 ast,
465 1597 567 1658 dicam
582 1612 656 1659 cum
669 1595 860 1674 Augustino,
875 1594 962 1676 quod
975 1610 1085 1656 errans
1100 1593 1198 1672 bomo
1215 1593 1378 1670 deridetur,

170 1720 188 1769 a
205 1706 260 1769 sed
277 1706 364 1787 quod
389 1697 535 1768 auctores
549 1706 649 1768 nostri
663 1705 704 1766 ab
719 1704 764 1766 eis
779 1753 787 1780 ,
802 1705 859 1785 qui
874 1702 951 1766 ioris
966 1710 1061 1776 sunt,
1079 1702 1153 1765 talia
1166 1703 1309 1764 sensisse
1323 1717 1379 1762 cra-

169 1835 188 1876 «
203 1815 381 1891 duntur-et,
397 1830 473 1877 cum
487 1829 603 1890 magno
616 1828 727 1874 eorum
742 1811 839 1875 exitio
861 1811 902 1897 de
928 1826 1066 1892 quorum
1081 1809 1184 1873 salute
1199 1809 1374 1888 satagimus,

170 1946 189 1984 a
205 1930 366 2003 tamquam
391 1921 511 1985 indocti
534 1920 809 1999 reprehenduntur
833 1928 930 2000 atque
954 1914 1150 1999 respuuntur
1167 1919 1196 1980 1.
1210 1938 1227 1996 a
1262 1918 1373 2006 Dicunt,

169 2032 278 2094 tlosen
293 2031 342 2093 bis
357 2032 461 2095 verbis
484 2032 642 2095 inculcare
658 2032 772 2112 stirpes
785 2045 846 2091 una
862 2027 917 2090 Dei
933 2027 1094 2090 voluntate
1109 2007 1208 2088 iactas
1223 2042 1295 2088 esse
1308 2033 1337 2086 et
1348 2042 1377 2084 a·

170 2137 336 2201 doievisse:
348 2156 404 2201 cur
416 2140 513 2218 igitur
525 2140 556 2201 id
567 2147 674 2219 aperte
687 2156 751 2202 nou
764 2135 972 2200 dicitiNonoe
983 2142 1033 2197 sat
1044 2139 1111 2196 erat
1121 2133 1161 2194 ad
1172 2131 1319 2212 opusliei
1331 2133 1380 2191 im·

169 2245 344 2308 mediatum
369 2247 624 2324 ostendendum,
640 2245 728 2309 nulla
741 2252 814 2308 ante
840 2245 926 2307 bunc
940 2243 1024 2305 diem
1038 2231 1157 2305 semina
1182 2238 1298 2302 fuisse?
1310 2239 1377 2303 Num

130 2363 134 2369 ·
151 2418 153 2422 ³
171 2351 329 2430 homines,
344 2354 557 2435 quamtumvis
574 2353 682 2427 rudes,
699 2341 857 2432 ignorant,
870 2350 1005 2432 plantas,
1019 2349 1132 2412 saltem
1158 2365 1213 2411 eas
1228 2365 1310 2430 quae
1323 2347 1375 2408 siva
1419 2380 1421 2455 ξ

125 2483 128 2487 ·
170 2460 317 2523 utiliores
332 2469 408 2523 suut
420 2465 487 2523 sive
501 2464 690 2540 maiores‚ex
706 2463 826 2524 semine
840 2461 932 2524 oriri‘l
945 2460 992 2522 Ac
1005 2459 1032 2520 si
1046 2458 1113 2520 dies
1128 2459 1243 2521 tertius
1259 2456 1375 2522 ordina-

171 2567 238 2629 rius
250 2566 310 2629 fuit
324 2567 401 2644 dias,
416 2585 522 2631 nonna
534 2569 595 2631 hoc
610 2568 790 2656 declarabat
807 2568 880 2629 satis
897 2566 941 2648 (et
956 2567 1048 2644 longe
1062 2566 1176 2629 melius
1192 2582 1291 2646 quam
1304 2562 1375 2626 deie-

173 2684 244 2738 ctus
267 2677 390 2756 pluviae
415 2695 511 2758 super
535 2686 651 2742 terram
665 2679 768 2758 nuper
781 2694 821 2738 ex
835 2677 925 2757 aquis
952 2675 1117 2756 aduectum)
1133 2692 1216 2756 opus
1232 2673 1376 2738 Crantoris

169 2783 403 2847 immediatum?
414 2788 463 2848 Au
475 2786 590 2864 vulgus
604 2787 738 2864 ignorat,
754 2787 878 2865 plantas
892 2790 924 2846 et
935 2785 1123 2864 praesertim
1136 2785 1280 2863 arbores,
1291 2803 1344 2848 nec
1356 2783 1376 2845 si

171 2892 347 2970 largissima
361 2896 469 2975 pluvia
483 2894 671 2974 irrigantur,
698 2902 763 2959 tam
791 2897 854 2959 cito
882 2912 1022 2959 crescere
1047 2899 1116 2960 sine
1139 2896 1298 2961 miraculo
1318 2910 1373 2958 nou

170 3002 285 3082 posse?
349 3035 350 3039 =
825 3055 828 3061 .

168 3144 171 3149 ·
212 3108 269 3182 out
284 3109 486 3188 negationem
501 3111 589 3174 illam
603 3112 791 3190 obtrudunt,
808 3129 908 3193 aeque
921 3130 958 3174 aa
972 3114 1026 3193 qui
1038 3111 1198 3190 gurgitem
1210 3118 1243 3175 et
1257 3091 1377 3187 inunda-

169 3218 290 3281 tionem
305 3218 445 3282 iontibus
460 3228 515 3284 aut
529 3223 639 3301 vapori
653 3221 836 3302 praeferunt
850 3270 858 3300 ,
872 3239 912 3283 ex
924 3237 962 3282 eo
977 3228 1145 3289 movantur
1157 3221 1247 3301 quod
1263 3225 1376 3300 putent,

167 3327 217 3388 his
238 3328 382 3391 versibus
408 3329 540 3391 iudicari
554 3331 691 3392 rationes
715 3329 995 3409 curplantaenon
1018 3326 1377 3407 germinassent.,Potius

167 3443 248 3517 puto
262 3436 396 3497 revelari
410 3438 531 3514 primae
545 3437 783 3515 germinationis
798 3456 942 3515 caussam
967 3436 1243 3500 instrumentalem
1257 3485 1266 3516 ,
1287 3449 1379 3518 quum

170 3544 278 3608 nullae
292 3544 476 3608 laberentur
490 3546 618 3626 pluviae
630 3547 779 3622 nullaque
794 3556 877 3628 esset
891 3545 1061 3611 artificiose
1072 3545 1225 3627 irrigatio.
1242 3546 1284 3610 m
1296 3561 1381 3626 prae-

140 3805 143 3809 ,
202 3749 218 3800 1
236 3746 268 3798 V.
285 3745 318 3798 de
338 3746 406 3799 aaa.
424 3745 462 3798 od
480 3745 524 3799 lii.
543 3749 566 3800 l.
584 3760 625 3801 cc.
635 3746 678 3810 18,
698 3745 740 3800 19.
761 3744 835 3800 ldem
852 3747 891 3800 ait
909 3745 985 3799 alibi.
1007 3762 1021 3796 n
1035 3744 1190 3812 eumaudio
1203 3738 1380 3798 christianum

166 3843 317 3910 reliquam
334 3843 445 3897 fratrem
471 3843 525 3896 istu
543 3844 694 3907 (naturalia)
713 3844 874 3896 nescientem
893 3850 920 3896 et
938 3842 1012 3896 aliud
1031 3846 1080 3912 pro
1093 3843 1147 3896 alio
1159 3842 1333 3908 sentientem,
1343 3855 1384 3910 pa·

67 3964 70 3970 -
167 3952 182 3985 n
201 3937 296 3991 tienter
313 3938 418 3993 intueor
436 3939 587 4006 opinantem
599 3938 745 4002 bominem,
756 3953 803 3993 nec
822 3938 863 3992 illi
882 3936 978 3994 obesse
996 3938 1088 4004 video,
1101 3949 1162 3992 uum
1177 3938 1210 3990 da
1224 3946 1261 4004 to,
1273 3938 1380 3993 Domina

169 4038 309 4090 «creator
338 4038 469 4102 omnium,
499 4051 552 4091 nun
570 4037 661 4092 credat
678 4035 809 4108 indigna,
839 4038 863 4090 si
891 4038 959 4092 torte
988 4040 1104 4110 situset
1121 4014 1231 4091 habitus
1250 4045 1385 4091 creatum

148 4176 152 4183 .
169 4151 183 4184 a
202 4133 348 4203 corporalis
363 4134 479 4200 ignoret.
499 4136 580 4189 obest
597 4141 685 4188 autem
696 4171 705 4201 ,
717 4136 741 4188 si
759 4137 809 4192 boc
824 4136 859 4191 rd
876 4138 963 4206 ipsam
981 4136 1117 4192 doctrinae
1134 4137 1246 4207 pietatis
1272 4137 1384 4191 rernm

166 4247 182 4278 ι
201 4229 333 4295 pertinere
350 4231 507 4297 arbitretur,
524 4240 552 4287 et
569 4233 732 4300 pertinacius
749 4234 881 4292 affirmare
897 4235 979 4292 rudet
995 4233 1067 4305 quod
1079 4235 1198 4306 ignorat·
1218 4252 1235 4288 n
1263 4233 1379 4303 conru-

167 4325 199 4378 V.
218 4339 242 4379 c.
261 4325 287 4378 b.
