2970 5002
1229 313 1269 375 30

80 449 179 514 Huius
193 447 368 519 doctrinae,
385 459 480 524 quam
493 441 638 522 exposui,
650 441 903 522 probabilitatem
916 443 1132 526 philosophice
1147 449 1264 512 exemi·
1299 503 1300 506 ,

38 577 117 624 nare
130 558 282 635 Theologl
295 574 358 619 non
371 560 429 616 est.
446 552 512 614 Hoc
527 569 627 614 unum
642 552 725 630 dico;
743 555 818 616 nibil
833 555 864 616 in
878 570 927 626 ea,
944 554 968 616 si
984 555 1060 635 quid
1082 557 1190 634 video,
1209 577 1262 621 ra-

37 677 109 731 ctae
125 668 198 729 lidei
213 666 404 729 contrarium
416 683 498 740 csse,
514 663 688 726 dummodo
700 662 918 740 confiteamur,
932 665 971 726 ab
985 681 1048 726 uno
1061 665 1262 730 [leoomnem
1291 716 1303 763 ,Ἰ

39 777 203 837 materiam
219 782 356 836 creatam
376 777 538 852 legesque,
550 771 666 851 quibus
679 771 732 832 illa
745 771 864 848 regitur
877 781 908 834 cl
923 774 1095 852 perficitur,
1110 794 1261 839 concree-
1295 769 1302 809 ᾗ

38 891 97 959 tas;
114 900 215 963 neque
234 881 525 961 reprehendendum
538 885 616 959 puto
635 896 795 942 summum
811 880 977 961 physicum
993 882 1168 944 Andraeam
1181 885 1261 946 Am-

37 1007 114 1069 pere
128 989 182 1070 qui
196 990 333 1069 scripsit,
354 989 433 1050 bane
449 985 649 1068 hypothesim
675 986 751 1046 nibil
762 989 924 1049 continere
945 988 1030 1067 quod
1053 998 1116 1051 non
1141 992 1261 1069 optime

36 1113 110 1158 eum
124 1103 212 1158 textu
227 1099 385 1159 Geneseos
398 1094 702 1159 concilietur.Video
719 1097 814 1157 modo
834 1095 918 1157 idem
939 1097 1037 1158 asseri
1060 1114 1079 1157 a
1102 1097 1261 1162 Canonico

36 1203 198 1281 Theologo
211 1203 345 1282 losepho
356 1203 437 1264 Gatti
458 1206 485 1264 1.

77 1311 110 1372 Si
121 1310 384 1371 hancdoctrinam
398 1311 593 1373 admittimus
605 1312 653 1373 vel
665 1311 703 1391 si,
716 1312 756 1375 ab
768 1328 804 1374 ca
819 1312 1080 1392 praescindendo,
1090 1310 1256 1385 fateamur,
1335 1392 1338 1397 ‚

37 1418 153 1500 primis
166 1417 361 1498 temporibus
375 1419 537 1483 materiam
559 1422 637 1483 solis
652 1431 684 1484 et
697 1423 882 1498 stellarum,
911 1429 978 1484 tum
1002 1421 1175 1484 errantium
1190 1429 1258 1484 tum

39 1528 528 1609 inerrantIum,unaoumparrae
540 1536 666 1592 nostrae
678 1530 798 1593 telluris
810 1532 939 1592 materia
951 1530 1258 1592 contusaminunam

38 1653 176 1698 massam
192 1644 224 1698 et
238 1637 461 1715 conglobatam
476 1637 573 1698 luisse
587 1685 595 1712 ,
608 1653 755 1714 magnam
766 1655 893 1718 quoque
906 1638 1056 1718 temporis
1070 1618 1259 1698 diuturnita-

40 1750 106 1806 tem
117 1743 323 1806 admittamus
339 1762 468 1807 necesse
480 1750 538 1821 est,
555 1751 591 1807 ul
604 1745 697 1807 telius
711 1752 819 1808 nostra
841 1754 872 1808 et
886 1745 984 1809 Solet
998 1746 1082 1808 Luna
1097 1752 1128 1807 et
1141 1745 1259 1807 Stellae

38 1853 78 1914 ad
92 1852 227 1915 invicem
240 1860 415 1933 separatae,
437 1860 469 1915 et
482 1852 561 1915 aliae
575 1852 751 1917 luminosae
765 1871 822 1934 per
833 1871 879 1934 se,
894 1854 1050 1936 quasdam
1065 1855 1137 1916 luce
1158 1855 1259 1915 aliene

37 1962 229 2041 indigentes,
244 1961 364 2025 bomini
378 1980 412 2025 se
423 1963 664 2042 conspiciendas
678 1963 871 2039 exhiberent,
886 1963 1154 2044 quemadmodum
1169 1971 1258 2026 sexta

38 2068 90 2129 die
101 2068 150 2129 vel
166 2068 299 2148 periodo
311 2068 397 2132 Adae
409 2071 635 2150 adparuerunt,
649 2078 681 2131 et
695 2070 790 2132 etiam
804 2070 914 2149 quinta
926 2079 957 2133 et
967 2078 1078 2151 quarta
1091 2072 1259 2152 adparuis-

37 2181 121 2252 senl,
135 2176 161 2238 si
176 2183 251 2239 tuno
262 2178 364 2238 Adam
380 2185 503 2238 creatus
517 2177 638 2239 luisset.
652 2177 738 2239 Idem
753 2179 836 2254 dico,
854 2179 880 2239 si
903 2182 1111 2257 supponimus
1123 2179 1154 2238 in
1168 2196 1258 2239 eam-

37 2284 112 2346 dem
130 2301 267 2345 massam
280 2283 376 2345 fuisse
391 2284 613 2360 conglobatam
629 2300 693 2346 non
717 2285 860 2346 omnium
885 2285 1047 2345 stellarum
1069 2285 1256 2360 materiam,

37 2392 96 2454 sed
109 2390 220 2453 solaris
234 2399 356 2455 tantum
369 2393 550 2475 systematis
563 2400 595 2455 et
606 2391 772 2455 stellarum
786 2393 912 2454 illarum
926 2410 1007 2472 quae
1021 2393 1125 2454 minus
1140 2394 1180 2454 ab
1197 2393 1253 2454 illo

37 2501 170 2576 distant;
187 2500 250 2562 imo
261 2501 356 2563 eliam
370 2507 403 2562 in
416 2500 595 2582 hypothesi,
609 2501 695 2581 quod
708 2517 804 2563 unam
819 2501 912 2578 longe
926 2502 1080 2563 minorem
1094 2501 1259 2567 confusam
1286 2508 1291 2515 “

37 2625 177 2670 massam
191 2610 258 2672 sola
270 2627 403 2690 corpora
418 2611 457 2672 ad
470 2611 572 2673 solare
586 2619 723 2692 systema
738 2611 925 2691 pertinentia
940 2609 1142 2673 conficerent.

82 2717 160 2780 xvi.
173 2718 335 2780 Praetereo
351 2719 514 2782 stellarum
526 2719 661 2782 fixarum
674 2720 728 2782 lux
739 2720 778 2781 ad
790 2726 928 2782 nostram
944 2725 1060 2780 terram
1074 2735 1136 2781 non
1148 2737 1257 2799 perve-

41 2825 162 2907 nit,nisi
173 2834 245 2908 post
257 2827 901 2909 quoddamannoruminterrallum,idque
912 2828 1131 2893 obmaximam
1148 2847 1257 2893 carum

44 2937 167 2999 anobis
180 2937 358 2999 distantiam
372 2988 379 3018 ,
394 2938 537 3018 quamvis
556 2937 635 3001 lueis
660 2937 807 2999 velocitas
823 2937 1021 2999 velocitatem
1046 2948 1173 3016 superet
1185 2937 1257 2999 soni

43 3045 164 3106 vicibus
177 3046 298 3122 circiter
311 3047 460 3110 1000000.
485 3045 667 3110 Astronorni
679 3046 862 3108 distantiam
873 3052 1030 3108 astrorum
1042 3045 1255 3106 determinant

40 3154 200 3231 methodo,
218 3172 313 3235 quam
324 3163 449 3236 vocant,
463 3155 668 3236 parallaxcos.
681 3154 798 3218 Notum
809 3160 869 3233 est,
884 3154 968 3215 edita
980 3169 1122 3232 corpora,
1136 3155 1162 3213 si
1175 3172 1191 3214 e
1204 3155 1256 3215 di-

41 3264 140 3324 versis
155 3263 233 3324 locis
247 3263 490 3343 perspiciantur,
503 3263 542 3324 ad
557 3263 680 3325 diversa
694 3263 776 3324 coeli
798 3251 915 3341 puncta
934 3279 953 3323 a
974 3261 1065 3323 uobis
1081 3260 1199 3322 reterri.
1215 3262 1256 3324 Ut

42 3373 148 3432 minus
163 3388 296 3450 corpora
309 3372 481 3449 distanl,ita
494 3374 594 3450 magis
608 3372 727 3432 distant
741 3373 822 3433 inter
833 3388 867 3433 se
879 3370 956 3432 baeo
968 3371 1045 3432 coeli
1060 3379 1187 3450 puncta,
1197 3378 1258 3432 ete

43 3496 205 3542 converso.
222 3481 253 3542 Si
264 3482 400 3542 maxima
410 3488 458 3541 est
472 3482 613 3562 corporis
625 3480 757 3542 elevatio
773 3497 829 3543 seu
844 3481 988 3544 atellure
999 3481 1157 3560 distantia,
1168 3498 1256 3542 sema

42 3605 98 3666 per
111 3607 169 3650 rios
182 3589 260 3651 illud
272 3590 311 3652 ad
325 3591 435 3652 eadem
454 3591 533 3675 coeli
544 3596 661 3669 punota
674 3590 848 3665 referimus,
866 3589 927 3652 boc
942 3597 989 3652 est
1002 3591 1087 3653 nulla
1103 3591 1256 3652 observa-

47 3705 95 3760 tur
109 3700 375 3779 parallaxisdem,
391 3701 603 3780 conspiciatur
614 3698 705 3761 stella
717 3716 735 3762 a
749 3700 873 3764 duobus
886 3702 1011 3779 punctis
1025 3699 1173 3761 extremis
1185 3699 1256 3758 dia-

46 3811 139 3870 metri
150 3809 270 3871 nrbitae
285 3811 452 3886 terrestris,
468 3811 489 3872 i.
503 3826 531 3873 e.
543 3811 666 3894 duabus
679 3809 953 3874 observationibus
968 3857 975 3884 ,
999 3800 1136 3888 quarum
1156 3808 1253 3867 altera

10 3913 171 4003 'alteram
185 3922 258 3996 post
271 3932 326 3978 sex
342 3932 465 3979 menses
478 3924 638 3998 sequatur.
649 3919 798 3996 <Angelus
819 3935 914 3998 quem
926 3933 998 3979 oum
1010 3933 1071 3977 una
1084 3916 1254 3995 perpendi-

51 4025 142 4086 tuleri
168 4025 243 4086 lacit
272 4030 406 4105 utraque
421 4025 502 4087 linea
515 4027 640 4089 visualis
664 4026 807 4088 diversus
828 4028 898 4104 erit,
914 4024 974 4087 nisi
997 4023 1143 4087 distantia
1169 4030 1255 4085 tanta

55 4131 95 4214 lt,
108 4139 146 4196 ut
158 4151 217 4214 pro
228 4134 347 4197 infinita
360 4137 459 4216 possit
471 4135 589 4214 haberi;
604 4140 698 4215 atquc
710 4133 753 4198 ite
765 4135 864 4198 maior
886 4134 945 4199 erit
957 4133 1131 4212 diversitas
1144 4139 1179 4196 ul
1192 4132 1255 4194 nil·

73 4347 89 4397 1
107 4349 146 4399 Lu
160 4349 252 4416 primo
271 4353 418 4405 settimana
436 4352 479 4404 del
500 4343 604 4404 mondo.
624 4343 721 4404 Toririo
741 4328 816 4415 1007,
839 4365 897 4417 pag.
921 4352 980 4404 lue.
