2970 5002
82 332 94 357 0
210 285 293 354 ‘'13'6

231 426 498 506 nongentesimus
521 429 607 486 nune
627 432 735 502 aquae·
750 421 846 483 maris
866 432 949 500 quse
969 421 1090 481 tontum
1111 417 1264 498 spbaerue
1287 416 1446 483 terrestris,

233 542 357 614 partem
378 534 546 613 occupant,
568 542 632 593 non
655 528 801 591 sidentur
821 543 985 606 emergere
996 525 1045 588 vel
1059 525 1263 591 estenderee
1279 531 1376 589 terro.
1392 523 1440 592 Pe-

232 645 335 704 tarins
355 643 395 704 sd
418 640 634 703 defensionem
654 636 723 700 eius
745 636 917 701 sententiaa
938 651 1033 716 quum
1055 634 1222 699 retulimus
1244 631 1280 715 (ξ
1306 631 1358 711 Li)
1380 634 1440 708 tit,
1475 680 1477 685 .

230 751 397 814 oscendere
417 750 487 814 belo
507 749 590 812 idem
606 755 783 828 essentque
797 745 945 822 eminere,
969 762 1068 826 supro
1082 744 1265 818 consistere,
1289 740 1438 806 elevatum

232 876 316 922 esse:
339 860 394 921 sed
419 859 543 921 nullum
565 856 746 937 exemplum
767 873 826 936 pro
846 873 887 918 se·
902 856 996 920 affort
1022 860 1077 917 aut
1097 861 1222 916 testem.
1248 850 1338 925 Quae
1350 867 1435 931 prae-

220 969 340 1028 -sertim
359 974 564 1047 opponuntur
586 964 835 1044 interpretationi
855 965 895 1028 de
915 962 1037 1045 purpite
1052 998 1066 1042 ,·
1087 961 1153 1023 iere
1173 959 1328 1023 omnibus
1354 959 1438 1021 inter·

230 1077 371 1155 pretibus
386 1076 519 1153 ignotae,
534 1076 599 1136 duo
613 1056 927 1154 suntPrimum'quin
938 1074 1166 1137 bune‘sensnm
1181 1069 1356 1132 convenire
1370 1067 1433 1129 -voni

231 1183 393 1246 bebraieee
407 1201 471 1247 non
487 1184 648 1264 probatur.
663 1182 729 1246 lobi
743 1201 850 1259 xxxvi,
870 1185 945 1245 bia
970 1169 1106 1259 vulgato
1129 1177 1260 1260 quidem
1285 1177 1366 1260 bueo
1387 1192 1438 1241 ros

229 1309 361 1371 perpes,
386 1292 441 1353 sed
457 1292 495 1353 ab
520 1292 588 1353 aliis
610 1294 787 1374 explicatur
812 1289 909 1354 nuber
923 1295 978 1352 aut
998 1307 1099 1369 uapor
1122 1295 1177 1351 sut
1195 1302 1320 1368 poturos
1333 1291 1429 1367 pullos

232 1409 344 1479 quaes
370 1414 485 1478 vapore
504 1408 652 1464 concreto
673 1400 724 1462 vix
746 1399 896 1463 differunt
911 1417 939 1467 1.
958 1397 1140 1461 Secundum
1155 1403 1189 1459 st
1213 1394 1433 1477 praecipuum,

228 1509 306 1587 quin
319 1508 448 1570 omnino
473 1509 585 1570 rationi
600 1497 718 1588 opponi
732 1500 876 1571 videtur:
894 1508 1000 1587 pluvis
1026 1506 1110 1568 enim
1127 1505 1171 1568 ibi
1194 1505 1329 1586 ponitur
1353 1501 1437 1567 veluti

230 1619 379 1696 quiddam
396 1619 481 1700 quod
499 1619 614 1700 plantis
629 1618 706 1680 utile
718 1635 787 1680 esse
800 1624 935 1698 poterut.
953 1617 1097 1679 innuitur
1110 1616 1252 1695 insuper,
1266 1613 1431 1686 bominem¹

228 1728 253 1787 si
265 1728 295 1787 'is
320 1727 481 1804 adfuisset,
498 1728 625 1808 operari
652 1734 771 1790 terram
787 1727 938 1806 potuisse.
955 1725 1039 1798 Quae
1054 1724 1184 1804 quidem
1195 1721 1339 1791 absurde
1361 1728 1434 1799 sunt,

230 1835 255 1894 si
273 1833 350 1897 illud
365 1844 490 1915 tempus
505 1835 692 1898 describitur
703 1851 766 1915 quo
782 1841 847 1896 tote
859 1835 949 1912 aquis
964 1833 1057 1895 tellus
1072 1833 1288 1912 operiebatur.
1308 1831 1433 1908 Fuerun-
1475 1824 1477 1893 i

226 1943 372 2002 dassetne
387 1943 492 2021 pluvia
513 1959 666 2024 aquarum
678 1943 843 2023 abyssum?
860 1942 1056 2005 Potuissetne
1069 1939 1165 2002 bomo
1181 1939 1222 2000 ibi
1237 1955 1342 2016 arare,
1358 1953 1429 1999 sere·

226 2061 263 2108 ro
280 2059 310 2108 et
327 2052 460 2111 meteret
473 2052 536 2113 Cur
549 2068 634 2126 vero,
652 2068 710 2112 nee
724 2051 754 2112 id
771 2051 879 2129 paucis
893 2049 1006 2127 verbis,
1022 2048 1146 2122 dieitur,
1164 2047 1307 2110 defuisse
1320 2063 1357 2109 eo
1368 2053 1432 2108 leur

226 2173 303 2236 pore
315 2158 447 2221 arbusto
459 2161 528 2240 apri
540 2167 570 2220 et
582 2159 708 2221 burbone
718 2159 870 2240 septenis?
882 2159 978 2239 quod,
990 2159 1023 2219 in
1036 2157 1089 2219 illa
1102 2155 1328 2236 explicatione,
1341 2153 1431 2234 physi-

224 2281 262 2339 ce
276 2267 485 2328 necessarium
502 2283 596 2328 nemo
612 2283 675 2328 non
690 2267 784 2328 videt.

266 2370 340 2434 Llll.
356 2373 445 2434 Nunc
459 2392 533 2437 vero
549 2375 625 2455 quid
641 2375 742 2436 dicam
758 2375 797 2436 de
822 2375 875 2436 illa
892 2374 1036 2451 negativa
1053 2372 1230 2451 particula,
1249 2390 1348 2453 quum
1363 2387 1432 2436 non-

104 2466 106 2470 ’
159 2530 164 2538 .
225 2479 304 2538 nulli
316 2480 437 2542 addunt
451 2481 479 2560 (ὅ
492 2480 536 2560 tr)
551 2483 701 2559 legentes:
716 2500 769 2544 nee
779 2482 849 2562 fons
865 2479 987 2564 (vapor)
1000 2480 1275 2545 ascendetur-si
1289 2483 1361 2563 quis
1373 2496 1432 2542 ron

226 2587 338 2658 tendit,
357 2591 555 2665 negationem
571 2591 601 2649 in
624 2591 768 2667 originali
786 2599 874 2674 textu
889 2590 998 2664 fuisse,
1015 2591 1072 2662 uni
1086 2590 1217 2670 antiquo
1234 2590 1432 2669 oudini-quem

228 2697 319 2757 nobis
336 2706 492 2773 oggerunt
505 2715 663 2779 quemque
678 2700 794 2762 lectum
807 2699 916 2761 dicunt
928 2717 946 2760 a
957 2699 1068 2762 Saadie
1081 2748 1089 2774 ,
1104 2714 1267 2779 opponam
1283 2701 1433 2762 universos

224 2803 347 2864 codices
361 2806 416 2883 qui
429 2813 616 2885 supersunt,
627 2808 723 2871 etiarn
746 2807 965 2881 samaritanos,
975 2816 1010 2867 et
1021 2807 1169 2886 antiquos
1184 2807 1313 2869 codices
1327 2805 1432 2886 quibus

223 2914 272 2970 usi
286 2918 359 2973 sunt
373 2920 438 2973 tum
448 2912 528 2975 LXX
540 2921 608 2975 tum
623 2916 717 2976 ueteri
732 2918 787 2995 qui
801 2916 961 2978 versiones
975 2915 1148 2977 bibliorum
1162 2914 1434 2991 concinnarunl,ut

224 3019 432 3100 Hieronymus
447 3029 478 3082 et
492 3023 545 3084 ulii
558 3029 689 3085 veteres:
705 3027 732 3085 si
745 3025 866 3104 dieunt,
881 3025 1085 3103 negationem
1099 3024 1359 3090 subaudiendam
1374 3037 1433 3084 esse

218 3137 254 3190 et
266 3131 343 3192 tlibi
359 3132 399 3193 sb
414 3131 986 3214 Hebraeis'subaudirirespondeosb
1000 3132 1149 3196 Hebraeis
1164 3133 1431 3215 subintelligim-

220 3240 395 3316 -gationem
415 3243 464 3303 uel
482 3242 616 3322 >quando
628 3260 670 3305 er
685 3250 833 3307 contextu
848 3243 918 3322 ipso
934 3244 1100 3322 sermonis,
1117 3239 1203 3322 quod
1227 3250 1259 3305 et
1277 3244 1311 3305 in
1326 3243 1433 3307 nostris

221 3345 259 3405 tit
272 3348 398 3423 linguis,
414 3349 577 3412 manifeste
589 3358 675 3431 patet
684 3367 756 3413 eam
767 3368 836 3412 esse
845 3353 1068 3432 supplendam
1077 3327 1186 3432 (senus
1199 3351 1434 3417 intolerabiliter

215 3455 391 3532 -eequlvoca
407 3466 498 3520 'esset
521 3460 649 3536 locutio,
675 3468 911 3540 praestaretque
936 3468 1039 3520 tacere
1060 3477 1157 3540 quem
1172 3459 1216 3522 ila
1244 3459 1336 3542 loqui
1351 3461 1379 3549 l,
1394 3460 1435 3524 vel

216 3563 451 3640 qnanuopnna
469 3583 588 3628 morem
603 3573 734 3646 poeseos
748 3568 922 3646 hebreicae,
933 3567 1086 3647 repetitur
1096 3569 1129 3630 in
1140 3569 1285 3632 secundis
1299 3587 1437 3635 commu-

220 3674 259 3731 tis
273 3682 360 3750 parte
373 3674 459 3753 qnod
475 3675 504 3735 in
521 3677 619 3753 prima
632 3676 751 3737 dictum
764 3679 949 3755 est,omissa
964 3675 1139 3753 negatione,
1156 3677 1201 3739 uti
1221 3684 1253 3740 et
1269 3679 1311 3742 de
1321 3680 1391 3742 aliis
1404 3678 1434 3740 fit

220 3783 348 3846 vocibus
364 3804 403 3847 ex
419 3785 520 3864 prima
532 3794 621 3864 parte
631 3785 828 3865 supplendis.
841 3781 885 3847 lta
899 3787 929 3848 in
942 3786 992 3847 Ps.
1009 3803 1096 3863 xttu,
1112 3787 1160 3848 tu:
1178 3787 1219 3849 Et
1233 3805 1298 3852 uon
1309 3779 1435 3854 recessit

253 4141 264 4185 t
290 4128 342 4201 Qrt't
360 4139 451 4204 aufert
469 4142 558 4193 stilles
572 4142 694 4208 plenius,
715 4146 740 4197 et
752 4140 868 4210 effundit
880 4140 979 4198 imbres
989 4140 1027 4195 od
1037 4144 1130 4199 instar
1139 4145 1293 4212 pussilum.
1306 4148 1351 4207 itt
1363 4146 1435 4215 tuln

218 4229 287 4281 tuis
309 4233 441 4284 reddunt:
462 4237 514 4297 Qui
532 4245 654 4287 natmernt
671 4238 762 4288 stilles
774 4237 905 4305 pluvios,
923 4247 948 4295 tl
966 4239 1078 4306 offundit
1095 4254 1142 4295 tut
1157 4245 1306 4310 ruttntttn.
1320 4245 1399 4312 Vide,
1415 4241 1436 4298 ti

213 4332 311 4393 piaret,
333 4331 456 4385 Pinedam
476 4341 500 4384 et
514 4333 580 4385 elios
600 4335 627 4386 in
646 4334 693 4386 iob
709 4331 897 4404 xxxrtur.
1366 4342 1367 4347 ’
