2970 5002
1221 323 1223 329 ’
1287 325 1346 389 19¹1

113 470 185 537 per
206 451 241 526 se
262 461 334 525 bnis
356 461 530 542 imponitur
551 478 672 542 quum,
696 465 800 522 ereata
814 457 957 533 atrahere,
975 475 1054 521 nova
1071 458 1122 520 Dei
1136 477 1232 540 opera
1247 463 1344 526 finem

112 565 251 634 habant.
265 571 353 633 'fune
373 571 487 633 ultimo
511 571 626 647 legitur
647 568 781 631 formula
816 572 869 631 ilia
890 589 954 652 qua
975 571 1341 655 siuguliconeluduntur

112 675 205 743 dies:
228 687 259 742 et
280 676 343 758 fuit
363 694 508 757 vespero,
524 685 553 740 et
567 677 630 756 t'uit
644 693 734 740 mooe
751 678 758 757 (
773 679 867 770 Hebe.
885 677 906 756 t.
920 678 1048 740 Certum
1063 677 1170 757 itaque
1185 685 1244 754 est,
1261 678 1343 740 hanc

112 788 248 852 sextam
268 786 354 850 diem
388 785 578 867 principium
599 802 694 847 suum
716 793 748 847 et
770 785 865 847 linem
888 784 1044 847 habuisse.
1071 785 1200 847 Certum
1223 786 1342 864 pariter

112 904 188 978 est,
209 896 547 977 postcommloetioaem
570 894 712 955 materiei
732 896 773 955 ad
790 892 998 955 animantium
1013 895 1114 971 magis
1129 894 1343 973 perieotorum
1382 868 1390 880 ⁸

112 1004 320 1070 edormanda
339 1019 474 1085 eorpora
495 1003 745 1083 praeordinatae,
768 1001 954 1065 divisionem
976 1003 1075 1082 ipsius
1099 1002 1242 1065 materiei
1265 1019 1341 1064 sue-

114 1113 270 1192 cessisse,
294 1119 327 1175 et
347 1111 535 1192 operitioues
557 1109 678 1173 telluris
703 1127 786 1191 quae
802 1113 1068 1191 praestantiorum
1083 1111 1252 1173 brutorum
1278 1109 1344 1189 pri·

117 1223 298 1302 mogenita,
322 1239 360 1285 ae
382 1220 509 1283 tandem
533 1219 724 1297 terrigenam
746 1222 955 1283 animantium
972 1235 1078 1298 regem
1095 1219 1219 1299 peperit
1244 1237 1343 1298 quem

119 1333 268 1411 Creator,
291 1327 473 1408 inspirando
494 1327 690 1408 spiraculum
703 1330 800 1407 vitoe,
821 1329 861 1390 ad
884 1329 1054 1406 imaginem
1076 1345 1165 1390 suam
1193 1326 1343 1389 formavit
1452 1390 1457 1400 ,

164 1457 185 1500 a
206 1429 320 1501 Sextus
341 1438 400 1498 iste
423 1436 489 1498 dies
511 1443 568 1511 est,
594 1453 658 1516 quo
682 1437 862 1498 mundanae
877 1441 1040 1497 creaturae
1062 1435 1153 1512 origo
1167 1434 1339 1497 eoneiudi-

121 1568 143 1610 «
166 1555 230 1627 tur,
253 1554 286 1608 et
308 1546 377 1608 ideo
398 1548 493 1608 etiam
515 1544 670 1608 sermonis
694 1544 809 1607 nostris
831 1559 926 1623 quem
948 1543 988 1604 de
1010 1561 1118 1605 rerum
1132 1543 1270 1604 exordiis
1291 1559 1342 1604 as·

121 1677 142 1718 u
165 1652 371 1735 sumpsimus,
398 1654 469 1716 linis
490 1661 618 1733 paratur
640 1672 672 1714 a.
696 1652 907 1732 (Ambrosius
927 1651 1078 1714 thanaim.
1094 1651 1126 1713 L.
1144 1650 1193 1712 Vl.
1217 1651 1251 1712 C.
1278 1650 1309 1712 1.
1331 1650 1340 1730 )

148 1760 285 1828 'taam
299 1763 344 1824 be
355 1781 410 1825 sea
424 1762 548 1825 dierum
571 1760 837 1841 operabaotenns:
849 1777 935 1822 nune
949 1759 1132 1822 brevissime
1147 1760 1187 1820 de
1205 1759 1340 1837 septima

119 1875 176 1938 die
201 1889 283 1955 qnae
303 1873 379 1934 Gen.
402 1887 431 1933 e.
454 1871 495 1932 11.
516 1870 558 1932 ita
579 1867 784 1931 describitur:
803 1868 907 1930 avers.
922 1869 970 1929 1.»
995 1867 1097 1948 lpitur
1111 1865 1254 1946 completi
1265 1873 1340 1928 aunt

121 1981 202 2045 coeli
224 1989 254 2044 et
277 1988 376 2058 terro,
389 1987 420 2042 et
432 1980 531 2042 omnia
544 1984 676 2040 ornatus
696 1993 802 2039 eorum
818 1975 881 2055 (vel
891 1977 1060 2039 exereitus
1073 1995 1179 2040 eorum
1198 1977 1226 2052 1,
1242 1980 1341 2041 utaiii

119 2110 161 2153 oa
173 2089 316 2152 Hebraeo
337 2086 485 2166 reddunt)
506 2109 520 2144 a
535 2087 606 2160 νβ.
623 2105 642 2146 >›
656 2085 882 2165 complevitque
898 2087 942 2165 (et
955 2087 1179 2168 eompleverat)
1192 2090 1274 2150 Deus
1286 2089 1340 2152 die

127 2190 261 2276 septime
279 2213 468 2276 opuaauum,
488 2192 568 2275 quod
581 2192 701 2272 fecerat
716 2191 785 2271 (die
812 2197 905 2252 sexto
932 2190 1050 2253 habent
1073 2192 1152 2256 LXX
1174 2201 1206 2253 et
1231 2201 1337 2256 textus

127 2304 356 2378 samaritanus,
380 2303 465 2384 quod
486 2309 592 2382 potest
610 2303 709 2376 magis
731 2310 918 2363 accuratum·
935 2300 1044 2362 videri:
1067 2308 1100 2362 at
1120 2315 1232 2362 sensus
1255 2300 1338 2364 idem

131 2420 180 2476 est
197 2411 223 2492 );
236 2420 266 2477 et
276 2413 454 2495 requievit(
471 2417 602 2477 cessavit
620 2411 662 2491 ἣ)
686 2412 736 2474 die
756 2413 884 2492 septimo
912 2411 952 2472 ob
966 2411 1114 2473 universo
1142 2429 1234 2491 opere
1257 2411 1339 2492 quod

120 2526 282 2601 patrarat.
300 2541 357 2584 rr.
372 2525 421 2586 3.»
438 2523 480 2585 Εἰ
496 2521 656 2585 benedioeit
671 2521 734 2585 liei
745 2521 885 2601 septimo,
907 2527 938 2582 et
952 2518 1058 2600 (idest)
1075 2519 1283 2598 sanctificavit
1297 2519 1340 2581 il-

123 2631 203 2693 lum:
225 2631 300 2711 quio
313 2633 346 2693 a'a
360 2633 426 2711 ipso
440 2630 619 2693 cessaverat
642 2631 681 2692 ob
696 2632 777 2691 omui
791 2645 882 2708 opere
896 2645 962 2703 auo,
976 2628 1056 2707 quod
1068 2629 1187 2690 creauit
1201 2631 1282 2689 Deua
1304 2635 1340 2690 ot

123 2739 255 2817 luceret.
279 2738 488 2802 Sanetihaavit
515 2740 686 2818 septimum
701 2739 786 2800 diem
809 2737 1037 2812 hebdomadae,
1055 2737 1141 2816 quod
1154 2745 1202 2798 est
1220 2737 1338 2799 Sabba-

125 2847 208 2928 tum,
229 2847 357 2912 deareto
377 2855 410 2909 et
431 2848 651 2923 destinatione3
681 2848 752 2908 scil.
778 2845 945 2908 destinavit
975 2845 1147 2909 Sabbatum
1171 2846 1230 2908 sibi
1249 2848 1340 2926 quasi

126 2973 263 3034 eaerum,
287 2965 323 3019 ut
343 2974 401 3020 suo
423 2963 566 3037 tempore
588 2963 750 3035 umquam
772 2955 872 3015 iestos
894 2954 962 3018 dies
986 2955 1156 3018 haberetur
1178 2955 1266 3016 abet
1280 2973 1339 3035 po·

122 3063 233 3144 pnio³
251 3064 417 3127 colendus:
441 3064 488 3125 vel
525 3062 792 3140 sanctificavit-h.
814 3080 842 3124 e.
859 3063 975 3124 testum
1000 3063 1145 3138 instituit,
1159 3071 1191 3124 et
1206 3062 1338 3125 colivo-

125 3175 216 3237 tnita
236 3173 346 3253 primis
367 3171 735 3252 parentibuseorumque
747 3171 883 3252 posteris
896 3187 985 3233 saoro
999 3172 1067 3232 otio
1082 3176 1113 3231 et
1125 3169 1215 3233 eultu
1233 3167 1286 3229 Dei
1306 3170 1336 3232 t,
1450 3170 1453 3175 ’

125 3285 203 3348 Vide
261 3283 300 3346 X.

161 3286 270 3465 Quo§ad
294 3391 465 3471 septimum
486 3390 570 3453 diem
592 3390 679 3454 aliud
701 3409 764 3454 non
787 3392 931 3468 legimus:
956 3390 1051 3455 buius
1067 3407 1125 3452 nee
1140 3390 1336 3471 principium

124 3501 350 3563 indicaturnee
364 3502 447 3597 duis.
464 3502 657 3582 Principium
681 3509 768 3563 certe
791 3501 914 3578 habuit,
944 3498 1030 3580 quod
1064 3498 1096 3561 in
1117 3516 1155 3561 eo
1178 3503 1332 3577 temporis
1404 3532 1409 3541 ·

121 3617 241 3690 puncto
261 3616 399 3674 statuere
421 3629 602 3692 possumus,
627 3628 726 3691 quum
748 3610 841 3686 Deus,
864 3609 991 3674 condita
1006 3607 1101 3689 Have,
1114 3624 1132 3669 a
1147 3608 1339 3690 productio-

158 3784 172 3830 t
196 3780 324 3832 creature
340 3794 444 3836 eorum:
462 3779 555 3834 versio
573 3778 693 3832 samarit.
714 3833 721 3845 ,

155 3876 173 3926 2
192 3877 331 3943 Requieoit
349 3891 400 3931 non
417 3892 432 3929 a
450 3875 638 3967 defatigatione
657 3875 706 3929 aad
724 3873 759 3928 ab
776 3891 865 3945 opere.
885 3874 961 3928 hebr.
982 3878 1025 3927 est
1037 3847 1132 3968 ms?
1144 3872 1162 3927 i.
1177 3889 1201 3928 e.
1215 3873 1337 3928 cessarit.

114 3994 289 4050 Aristobuius
306 4009 351 4062 ap.
369 3994 512 4048 Eusebium
528 3997 558 4047 L.
580 3996 622 4046 13.
642 3996 737 4062 Pruep.
752 4010 776 4046 e.
795 3994 820 4044 b:
841 3994 990 4058 acquievit,
1016 3993 1063 4054 ait,
1085 3992 1103 4042 i.
1124 4007 1148 4043 e.
1179 3991 1337 4044 reboasse

116 4089 239 4144 conditis
257 4090 334 4142 dudit
345 4091 462 4156 quietem
475 4097 501 4142 et
513 4089 698 4155 stabilitatem,
718 4091 924 4157 perpetuitatem
936 4087 1108 4154 ordinumque
1128 4086 1219 4149 fixum,
1238 4092 1335 4144 ratum,

114 4195 148 4242 et
166 4186 373 4239 immutabilem.

151 4284 170 4335 3
190 4284 229 4334 tta
247 4283 327 4347 Beda,
346 4285 479 4344 Peresius.
500 4283 655 4345 abulensis,
674 4292 725 4334 ete.

152 4379 171 4431 t
191 4383 231 4434 tta
249 4380 335 4446 Philo,
355 4382 521 4448 catherinus,
542 4381 650 4446 hibera,
669 4384 691 4432 h
708 4378 805 4448 barride
825 4389 874 4433 etc.
