2970 5002
136 304 196 366 202

136 460 178 505 no
247 442 414 508 Benedicte
428 444 539 524 Angeli
555 444 678 509 Domini
695 444 829 510 Domino
844 467 873 511 u.
889 448 921 512 Si
935 465 1008 513 vero
1023 448 1135 530 angeli
1151 448 1248 514 creati
1272 454 1366 531 sunt,

140 553 203 614 iarn
226 570 287 616 non
310 562 384 615 suot
407 556 535 616 aeterni:
553 554 670 620 creatio
684 555 776 633 enirn,
790 557 831 618 ab
844 565 973 622 aeterno
1007 567 1173 641 repugnat,
1189 563 1278 642 quod
1303 563 1368 625 iarn

135 671 184 726 est
206 682 223 725 a
245 662 336 726 nobis
360 663 627 727 demonstratum.

175 773 313 852 Angelos
334 791 353 836 a
374 775 439 837 Deo
462 777 558 839 luisse
579 784 714 858 creatos,
737 795 800 841 non
824 780 920 841 modo
943 779 1112 842 christiana
1134 777 1223 855 fides,
1251 781 1307 847 sed
1332 788 1363 843 et

134 881 398 963 philosophorum
410 886 517 965 opinio
530 884 706 966 profitetur,
722 888 858 949 maxime
873 886 1115 961 Platonicorum,
1134 907 1272 969 quorum
1288 907 1359 951 ma-

134 990 332 1066 gisterPlato
355 993 492 1057 minores
506 996 589 1058 Deos
610 1012 628 1055 a
649 1011 774 1058 summo
790 1011 859 1057 esse
881 995 1025 1059 conditos
1052 995 1159 1077 refert,
1187 1003 1219 1058 et
1240 995 1357 1058 abillis

135 1096 216 1160 fecta
240 1098 388 1181 deinceps
413 1108 444 1162 et
465 1102 620 1183 perpolita
645 1101 776 1185 reliqua.

174 1207 358 1270 Dubitatum
382 1217 440 1284 est,
465 1218 572 1274 utrum
594 1213 706 1291 Angeli
727 1217 824 1276 creati
847 1216 910 1277 sint
924 1233 986 1276 una
1008 1232 1081 1276 curn
1102 1215 1223 1277 muodo
1237 1230 1347 1293 corpo-

135 1332 201 1378 reo.
225 1317 256 1378 S.
280 1318 412 1381 Basilius
434 1321 558 1401 scripsit
576 1298 607 1383 l:
631 1343 649 1384 «
671 1322 747 1385 Erat
767 1322 870 1405 enim,
893 1332 926 1386 ut
952 1329 1093 1404 apparet,
1118 1323 1239 1405 aliquid
1262 1324 1350 1386 etiam

17 1413 23 1419 ’
136 1425 337 1487 «antehoc
371 1427 566 1509 universum,
601 1432 687 1510 quod
705 1440 809 1493 mente
846 1432 974 1512 quidem
1010 1439 1117 1495 nostra
1153 1432 1347 1512 contempla-

92 1591 96 1598 .
139 1553 157 1594 n
181 1534 207 1593 ri
238 1552 429 1614 possumus;
454 1547 586 1607 nonest
610 1529 715 1603 tamen
738 1541 851 1604 litteris
887 1541 960 1603 ullis
981 1541 1155 1621 proditum,
1182 1542 1270 1622 quod
1296 1559 1348 1604 ru·

73 1679 83 1695 ·
138 1668 151 1703 n
175 1641 267 1708 dibus
299 1652 331 1707 et
356 1647 533 1731 cognitione
556 1648 660 1717 adhue
683 1648 870 1713 infantibus*
884 1644 1083 1732 nequaquam
1107 1651 1285 1728 congruere
1304 1650 1343 1711 vi·

135 1774 152 1814 n
176 1755 320 1818 debatur.
349 1754 422 1817 Erat
447 1755 584 1836 quidamv
603 1758 716 1820 mundi
740 1757 949 1836 productione
975 1762 1077 1820 status
1101 1757 1263 1839 antiquior
1288 1757 1344 1820 illis

139 1887 152 1923 o
176 1865 296 1927 mundo
317 1866 534 1945 superioribus
556 1866 725 1930 virtutibus
747 1874 989 1947 consentaneus,
1021 1873 1164 1946 tempore
1196 1866 1337 1943 anterior,

133 1992 152 2035 «
176 1976 400 2054 sempiternus,
430 1982 613 2055 perpetuus;
636 1983 796 2039 creaturas
818 1984 924 2039 autem
945 1977 976 2037 in
1000 1975 1069 2056 ipso
1090 1977 1222 2037 Creator
1247 1972 1340 2039 omui-

134 2102 152 2144 «
175 2100 227 2144 um
251 2090 282 2144 et
303 2084 407 2164 opifex
429 2081 593 2148 effecit·....
616 2070 730 2164 nempe
752 2085 918 2148 rationales
942 2103 1045 2167 neque
1058 2084 1266 2164 aspectabiles
1288 2099 1337 2145 na«

62 2275 64 2278 Α
136 2198 273 2272 «turns,
296 2201 327 2254 et
347 2210 475 2256 omnem
511 2191 756 2272 intelligibilium
784 2194 939 2270 ordinem,
969 2209 1188 2274 quaecumque
1209 2198 1335 2254 mentun

140 2323 154 2389 n
169 2310 311 2371 nostram
328 2310 490 2384 superant,
503 2321 639 2383 quorum
654 2321 694 2366 ne
709 2304 836 2365 nomina
851 2303 980 2384 quidem
994 2302 1174 2380 investigari
1200 2306 1332 2380 possunt.

132 2433 151 2474 n
174 2411 255 2474 Haec
277 2411 360 2473 enirn
382 2401 545 2474 invisibilis
567 2414 675 2475 mundi
694 2413 901 2476 srrbstantiam
917 2414 1090 2492 complent,
1106 2418 1142 2472 ut
1157 2427 1215 2472 nos
1233 2408 1335 2473 Paulus

134 2544 151 2585 u
167 2523 215 2585 his
228 2524 331 2585 verbis
347 2522 665 2602 docetznquoniamin
675 2521 749 2603 lpso
764 2528 866 2584 creata
877 2528 951 2583 sunt
961 2521 1148 2600 omnia,siue
1159 2518 1290 2580 visibilia
1303 2515 1335 2579 si·

137 2652 151 2688 n
175 2648 211 2691 ve
224 2630 468 2710 invisibilia,sive
488 2629 616 2707 Throni,
627 2631 692 2692 slve
713 2628 962 2707 Dominationes,
978 2630 1043 2690 sive
1057 2626 1265 2706 Principatus,
1280 2625 1333 2686 sire

132 2739 349 2814 «Potestates,
363 2742 428 2803 sive
442 2739 597 2818 Virtutes,
623 2738 687 2800 sive
707 2737 901 2815 Angelorum
923 2736 1095 2813 exercitus,
1119 2734 1185 2795 sive
1206 2731 1333 2796 Archan-

134 2846 310 2925 «galerum
328 2865 355 2908 u.
371 2847 441 2910 Non
471 2845 561 2908 focile
583 2844 768 2923 intelligitur
791 2845 840 2906 hic
863 2851 963 2905 status
985 2843 1122 2905 anterior
1146 2849 1287 2920 ternpore
1306 2840 1330 2899 el

130 2965 301 3033 aeternus,
326 2973 502 3036 congruens
518 2956 701 3018 substantiis
723 2953 940 3034 superioribus
962 2953 1102 3026 mundo,
1119 2951 1176 3030 qui
1206 2962 1325 3010 aevum.

131 3065 196 3128 imo
219 3067 386 3128 aeternitas
402 3065 655 3145 interpretandus
679 3062 814 3126 videtur.
837 3060 901 3124 lllis
921 3053 1025 3123 uerbis
1046 3067 1137 3140 putat
1151 3054 1327 3139 vnsqutusa

83 3189 86 3196 ’
134 3173 335 3236 intervallum
356 3174 517 3254 quoddam
542 3172 774 3252 imaginarium,
800 3167 885 3234 o'mni
900 3177 1042 3249 tempore
1056 3169 1207 3244 anterius,
1224 3164 1328 3244 signit-

131 3283 206 3343 cari.
231 3282 361 3344 Suarius
383 3280 515 3344 credidit
530 3288 646 3343 statum
668 3280 758 3341 lllum
773 3285 952 3351 aeternum,
975 3293 1036 3338 non
1056 3276 1093 3337 de
1114 3274 1329 3337 oeternitoleo

128 3389 223 3472 porte
238 3392 377 3467 notescat
391 3409 410 3453 a
420 3397 510 3469 parte
521 3397 590 3471 post
606 3368 840 3469 intelligendum
857 3383 1015 3448 arclano
1032 3384 1185 3446 evidetur
1203 3382 1330 3446 divinitas

131 3500 200 3578 ipsa
223 3500 339 3578 potius,
363 3497 411 3559 vel
432 3496 488 3559 Dei
509 3496 647 3559 Verbum
669 3495 799 3558 indicari
830 3511 927 3576 aquo
951 3493 1070 3571 conditi
1090 3501 1124 3554 et
1144 3494 1176 3552 in
1198 3507 1274 3572 quo,
1288 3501 1332 3550 cett

78 3625 81 3633 ’
132 3606 202 3669 loco
224 3614 255 3667 et
277 3609 391 3686 spatio,
422 3604 642 3688 comprehensi
665 3611 741 3666 sunt
762 3585 913 3665 coelestes
935 3584 1082 3680 Spiritus,
1103 3605 1273 3679 antequam
1292 3593 1331 3656 lut

130 3697 269 3778 mundus
291 3724 322 3776 et
343 3715 404 3778 hoc
425 3722 550 3794 tempus
572 3714 730 3776 existeret.
767 3711 856 3787 Quod
878 3718 1001 3772 certum
1023 3715 1093 3784 est,
1119 3707 1253 3770 Basilius
1274 3717 1330 3769 cre·

132 3825 304 3902 didit,nilril
319 3842 391 3886 vere
404 3824 709 3904 sempiternumesse
723 3831 848 3903 praeter
860 3821 959 3883 Deum
976 3819 1136 3900 sensitque
1151 3837 1224 3883 cum
1236 3817 1331 3889 Paulo,

129 3933 161 3994 in
181 3950 219 3994 eo
243 3935 312 4032 ipso
333 3952 427 4014 quern
448 3934 523 3998 citat
537 3934 621 4012 loco,
644 3932 756 3998 Filium
772 3931 825 3996 Dei
848 3931 950 4012 fuisse
973 3939 1044 4024 onte
1068 3947 1170 3995 omnes
1197 3929 1328 4000 Tltronos,

168 4104 180 4151 l
202 4100 289 4153 llnmil
306 4102 328 4162 1,
347 4100 374 4152 in
392 4103 516 4156 Hennam.
620 4111 622 4114 ‘

166 4199 184 4250 2
200 4201 276 4265 Disp.
295 4198 428 4265 CClllth,
445 4214 472 4253 c.
489 4203 513 4263 1,
533 4201 560 4254 io
579 4203 590 4256 l
610 4206 642 4256 P‘.

167 4295 183 4343 ³
202 4294 241 4345 De
260 4294 326 4361 Aug.
344 4300 374 4348 L.
391 4298 404 4346 1
423 4311 446 4348 c.
465 4295 482 4345 2
499 4310 526 4348 n.
539 4298 565 4348 8.

170 4385 244 4444 tlh·
266 4406 288 4445 c.
308 4389 365 4448 xv.
387 4391 405 4456 ὃ
424 4391 466 4446 tt.
499 4399 503 4407 '
