2970 5002
1234 251 1273 312 95

53 402 319 486 itqueiaciendam
333 409 364 462 et
385 400 425 461 ad
447 396 522 462 elias
544 395 576 458 in
597 394 664 475 ipsa
679 393 855 457 minerales
877 392 1070 456 substantias
1092 392 1269 455 dissolvam

59 516 127 575 das.
145 513 265 574 Caloris
277 527 352 572 vero
367 508 481 585 gradus
493 506 597 585 quiad
614 502 834 565 ebullitionem
857 519 957 580 aquae
977 501 1103 579 suflicit,
1118 502 1268 562 luminosi

47 597 175 682 ¹caloris
191 619 341 698 temperie
356 599 521 692 longeest
534 612 672 685 inierior;
687 618 720 671 et
744 609 816 670 licet
831 627 985 687 ponamus
1006 610 1139 684 gradum
1154 609 1270 669 ebulli-

58 728 154 790 tionis
170 727 274 807 quoad
295 725 485 786 solutionem
501 721 588 781 illam
614 719 709 779 luisse
732 733 795 776 non
813 719 881 777 100ο
896 716 929 775 C.
947 716 1018 795 (212
1030 715 1112 794 Far.)
1132 717 1186 777 sed
1202 717 1272 776 201)ο

55 835 106 894 vel
120 835 192 895 201⁰
207 831 502 913 C.(respondentcm
519 825 675 906 pressioni
694 827 730 884 17
746 822 1086 902 atbmospbaeraruml‚
1100 824 1150 883 bic
1166 832 1272 885 tamen

57 941 143 1002 calor
157 959 175 1000 a
187 945 286 1016 gradu
299 939 432 1002 lucentis
459 937 572 998 caloris
587 951 644 994 seu
657 933 822 1010 ignitionis
832 932 968 994 multum
980 931 1122 994 distaretr
1135 947 1197 992 uon
1212 932 1271 1007 igi-

54 1047 199 1123 turtucis
215 1039 308 1125 (liti)
323 1061 439 1107 nomen
453 1049 638 1104 mereretur.

94 1155 230 1217 xxxtv.
253 1152 370 1225 Facile,
393 1156 430 1211 ut
450 1149 529 1209 mibi
549 1148 694 1226 videtur,
716 1148 866 1227 quidnam
888 1147 984 1209 fucrit
1005 1150 1060 1210 lux
1081 1149 1159 1210 baec
1178 1148 1270 1210 intet-

55 1264 185 1340 ligitur,
208 1261 233 1320 si
256 1259 377 1334 legibus
402 1274 420 1317 a
441 1256 507 1318 Deo
537 1265 668 1317 naturae
691 1256 845 1335 impositis
867 1257 1078 1317 attendamus.
1102 1256 1276 1318 llloleculae

52 1371 263 1432 elementares
277 1366 336 1442 legi
353 1365 539 1426 universalis
559 1363 718 1440 gravitatis
739 1362 935 1441 obedientes,
957 1364 1073 1425 alterae
1087 1365 1126 1425 ad
1140 1366 1273 1427 alteram

56 1476 246 1537 accederent
269 1488 397 1533 necesse
418 1479 494 1547 erat,
519 1478 613 1551 atque
628 1449 677 1532 ita
697 1487 778 1550 quae
801 1472 840 1532 ad
863 1471 1009 1532 tellurem
1026 1481 1166 1533 nostram
1182 1474 1274 1536 effor-

56 1580 205 1642 mandam
226 1579 350 1641 fuerant
370 1578 549 1639 aCreatora
571 1578 820 1656 praeordinatae,
847 1575 977 1651 globum
991 1578 1083 1638 bunc
1105 1583 1272 1640 consocia-

57 1697 107 1750 tae
129 1689 368 1750 constituerent.
382 1685 493 1764 Igitur,
507 1686 583 1745 dum
607 1684 828 1761 undecumque
842 1681 901 1742 bae
921 1685 1096 1747 moleculae
1116 1691 1175 1750 sibi
1198 1695 1277 1756 inri-

58 1814 128 1858 cem
152 1800 380 1865 occurrerent,
403 1800 573 1873 postquam
603 1791 702 1853 altera
722 1790 762 1851 ad
783 1789 912 1852 alteram
945 1796 1021 1855 satis
1056 1813 1275 1878 accesserant,

59 1903 220 1982 cbymicae
241 1900 491 1967 combinationes
512 1901 599 1960 iuxta
621 1896 779 1976 chymicas
804 1896 889 1975 leges
910 1900 1023 1962 confici
1045 1903 1214 1972 debebant.
1229 1913 1274 1976 lta

58 2030 76 2072 e
99 2011 294 2090 simplicibus
314 2025 371 2070 seu
392 2007 635 2068 elementaribus
656 2004 822 2068 moleculis
858 2008 964 2070 mictu
984 2012 1208 2079 efficiebantur:
1226 2022 1277 2085 in-

62 2129 170 2198 terque
192 2121 268 2180 baec
289 2134 405 2192 magna
428 2119 474 2176 vis
498 2116 686 2192 gignebatur
707 2115 832 2192 vaporis
853 2120 955 2193 aquei.
977 2120 1023 2181 Ac
1048 2141 1087 2184 ne
1106 2126 1145 2185 ad
1169 2127 1273 2208 hypo.

61 2229 167 2288 theses
188 2228 318 2288 minime
339 2223 531 2285 necessarias
554 2222 798 2299 confugiamus,
819 2224 950 2286 divinari
971 2244 1142 2306 possumus
1155 2265 1168 2306 ‚<
1188 2254 1275 2300 com-¹

63 2336 243 2401 binationes
264 2335 383 2412 primas
404 2332 501 2393 fuisse
525 2347 599 2405 eas,
621 2347 702 2409 quae
722 2332 836 2394 elatam
861 2335 990 2397 minime
1011 2342 1177 2418 requirunt
1192 2356 1277 2410 tem-
1370 2402 1389 2415 ,,

66 2443 211 2522 perlem,
234 2441 288 2502 sed
314 2438 367 2499 illa
389 2455 469 2518 quac
489 2437 646 2499 ordinaria
667 2446 715 2499 est
736 2441 768 2500 in
789 2439 913 2519 tellure,
936 2447 1029 2505 etiam
1053 2448 1276 2526 hyemalitem·

60 2567 166 2630 pore,
189 2551 263 2609 satis
285 2548 411 2608 babent.
435 2547 480 2608 lta
503 2564 575 2608 cum
597 2546 773 2626 oxygonio,
797 2552 924 2628 quando
947 2555 1082 2616 maxime
1103 2566 1274 2627 contritum

61 2663 112 2720 est
145 2655 344 2716 combinatur
367 2653 486 2716 terrum
509 2703 516 2731 ,
538 2655 632 2733 idque
653 2672 715 2715 non
738 2657 805 2715 sine
829 2659 995 2720 emissione
1020 2661 1169 2729 luminosi
1188 2673 1276 2732 calo-

60 2768 131 2831 ris:
157 2763 259 2824 uritur
291 2761 375 2821 enim
397 2779 468 2821 vere
491 2761 609 2822 terrum
634 2763 883 2840 atmospbaerico
915 2770 979 2828 ariri
1007 2775 1206 2848 expositum:
1232 2782 1275 2842 ita

65 2873 163 2933 etiam
186 2870 312 2931 metalla
335 2887 415 2948 quae
437 2868 828 2944 recommendationem
849 2876 996 2936 arconium
1009 2881 1165 2958 appellata
1186 2899 1271 2950 sunt.

65 2980 102 3042 ln
126 2979 284 3041 ordinaria
307 2978 423 3056 pariter
446 2978 597 3055 temperie
611 2994 683 3038 cum
704 2979 786 3054 iguis
807 2981 973 3044 emissione
994 2986 1277 3058 cblorurnontinro·

62 3087 118 3147 nio
147 3082 298 3166 (stybio)
333 3084 464 3167 aliisque
490 3085 679 3163 quibusdam
703 3086 859 3160 metallis,
891 3097 923 3150 et
943 3092 1059 3154 iodinrn
1083 3097 1279 3182 pbospb0r0‚=

62 3192 298 3254 combinantur.
322 3191 404 3252 llaec
424 3190 542 3251 velalia
565 3192 745 3253 huiusmodi
774 3194 879 3255 lucem
900 3195 1037 3275 aliquam
1071 3207 1276 3286 generabant,

61 3302 222 3380 simulque
243 3302 425 3380 temperiem
449 3300 622 3361 elevabant:
636 3316 697 3378 qua
713 3318 752 3359 ex
767 3317 800 3360 re
820 3319 919 3364 novae
942 3307 1188 3375 combinationes
1203 3320 1280 3381 oriri

64 3409 280 3487 debebautpet
294 3407 349 3469 lux
365 3415 397 3466 et
411 3405 496 3467 calor
509 3408 609 3482 magis
620 3424 657 3466 ac
671 3409 771 3483 magis
784 3411 991 3486 augerilnter
1006 3415 1062 3477 bas
1077 3435 1174 3481 novas
1189 3440 1274 3486 com-

40 3576 45 3587 ,
67 3516 267 3596 binationes‚
294 3516 358 3576 imo
381 3532 441 3575 una
455 3532 495 3574 ex
516 3513 704 3593 praecipuis,
727 3516 866 3592 putanda
886 3526 935 3580 est
955 3521 1051 3584 luisse
1066 3529 1222 3602 synthesis
1241 3552 1278 3594 a·
1327 3582 1333 3592 .

65 3639 169 3700 quae,
190 3640 271 3702 quae
292 3638 437 3698 magnam
451 3619 969 3703 vimcalorisluminosiproducit;
992 3647 1128 3711 eumque
1141 3639 1278 3700 maxima

69 3729 114 3790 ibi
137 3731 261 3790 adesset
276 3727 606 3807 copiaelementorum
619 3729 747 3790 illorum
760 3732 927 3809 exquibus
940 3751 1021 3822 aqua
1036 3740 1179 3818 constat(
1196 3758 1278 3821 oxy-

66 3837 153 3912 gonii
168 3836 288 3898 scilicet
309 3843 339 3895 et
351 3835 545 3914 hydrogenii)
562 3838 594 3898 in
615 3836 806 3917 immensum
822 3839 906 3899 calor
918 3849 949 3900 et
965 3842 1019 3902 lux
1041 3848 1150 3919 augeri
1167 3863 1278 3910 novae-

66 3962 132 4023 que
144 3946 217 4005 inde
229 3943 392 4003 affinitates
404 3944 532 4005 excitari
548 3944 696 4006 debuere.
712 3945 959 4006 Potueruntuna
974 3964 1046 4009 cum
1061 3966 1153 4032 aqua,
1177 3955 1279 4019 veleb

69 4056 212 4114 calorem
234 4059 415 4129 enascente
436 4069 515 4130 aqua
536 4055 739 4131 productum,
762 4056 990 4136 gignieaquae
1003 4058 1282 4126 dicunturalcalr'a

69 4162 143 4242 fiere
164 4170 196 4223 ct
212 4167 337 4239 terroe,
368 4167 402 4221 ut
420 4159 579 4239 pctorso⁰(
596 4159 678 4237 kall)
696 4210 702 4235 ,
725 4161 822 4244 sodo(
840 4169 950 4226 natron
965 4165 986 4246 l,
1009 4167 1098 4245 colar,
1114 4174 1282 4250 magnesia,

69 4269 333 4346 elloronensium
345 4276 404 4331 etc.
419 4276 448 4332 et
464 4268 565 4348 acide,
581 4287 608 4330 e.
625 4286 673 4346 gr.
689 4270 813 4334 acidum
827 4273 1036 4348 sorbonicum,
1049 4276 1280 4359 scripturorum,
