2970 5002
143 113 188 172 ta‘a'
201 112 292 186 aunt,
317 107 404 170 nulla
428 110 532 169 tamen
553 122 607 169 eas
627 105 731 188 specie
751 123 790 169 ex
812 107 971 188 prouincia
991 108 1144 188 principe,
1166 123 1282 190 nempe
1301 126 1358 171 ex.

142 224 264 296 quatuor
285 217 537 278 vertebratorum
558 201 724 288 elassibus,
739 217 1017 289 contumescant
1037 233 1079 278 ne
1098 218 1211 288 minus]
1225 233 1347 296 verum,

141 337 185 386 eas
203 325 330 399 classes,
355 321 530 402 dequibus
551 321 653 384 llases
674 322 979 398 sermonembubet,
1006 322 1057 383 die
1070 324 1233 403 quinties
1252 333 1348 387 sexta

139 426 225 493 luisse
245 431 392 492 creatas?
411 428 519 490 Eritne
541 428 655 490 lalsum
678 430 808 491 effatum
829 429 965 491 Marcelli
986 430 1027 492 de
1048 430 1167 492 Secres:
1188 451 1207 492 u
1228 431 1276 494 llx
1296 431 1347 492 la-

137 553 153 594 t<
174 539 228 601 ctis
249 537 402 617 physicis,
416 553 515 617 aeque
534 555 571 598 ac
592 555 631 598 ex
656 537 783 599 historia
807 538 964 601 Geneseos
977 545 1119 617 apparet,
1134 539 1228 611 vitam
1250 556 1357 619 super-

133 660 149 703 a
171 654 285 709 terram
305 647 449 726 coepisse
472 664 490 707 a
511 647 681 707 viventium
703 646 953 724 simplicissimis,
976 655 1010 708 et
1034 647 1156 724 plantas
1173 664 1235 708 non
1251 647 1348 709 mado
1402 722 1406 728 ,

131 765 149 808 a
174 752 320 833 primitus
341 751 518 815 abundasse
540 756 639 829 magis
659 770 755 831 quam
768 752 926 831 animalia,
942 769 1051 813 verum
1073 752 1142 812 illas
1164 752 1346 836 plantarum

131 874 147 912 v
172 861 293 941 speeies
312 876 394 940 quae
416 860 559 922 vivebant
581 861 613 922 in
633 860 737 939 arida,
760 861 854 939 longe
867 840 939 923 ante
953 861 1123 936 massionem
1141 867 1263 940 partem
1276 861 1347 922 ani-.

126 978 146 1024 t
170 968 326 1031 muntium
347 983 429 1047 quae
449 967 492 1028 ibi
513 967 620 1029 vivunt
639 967 821 1046 adparuisse
839 968 872 1027 1?
892 987 911 1027 u
933 967 1082 1029 blentitur
1103 986 1142 1029 ne
1163 968 1265 1030 Moses
1288 983 1347 1029 nec

124 1083 203 1138 tera
223 1074 310 1151 dicit,
331 1092 431 1154 quum
454 1074 562 1137 tribuit
581 1074 968 1152 autlormationemregni
989 1075 1140 1152 vegetalis
1162 1075 1349 1137 tertiaediai

124 1192 184 1249 aut
205 1181 392 1265 aquatilium
414 1188 446 1245 et
465 1182 641 1245 volatilium
662 1183 798 1261 quintae,
822 1183 848 1244 si
870 1184 1024 1261 quaedam
1047 1184 1168 1262 species
1190 1189 1221 1242 et
1243 1199 1348 1259 geue-

122 1301 162 1355 ra
183 1294 369 1373 plantarum
384 1290 510 1352 nonnisi
525 1291 625 1353 tribus
637 1291 749 1351 diebus
761 1290 989 1368 posterioribus
1003 1291 1034 1352 in
1050 1290 1155 1353 lucem
1169 1292 1253 1353 edita
1266 1295 1347 1353 sunt

121 1389 133 1461 l
149 1396 177 1484 ς
199 1398 233 1462 b.
251 1396 286 1478 );
321 1404 376 1458 aut
397 1398 551 1476 quaedam
571 1413 611 1458 ex
631 1398 822 1475 aquatilibus
847 1403 879 1457 et
908 1397 1087 1459 volatilibus
1101 1398 1233 1460 .ncnnisi
1254 1408 1345 1462 sexta

119 1504 199 1570 diet
220 1505 310 1579 Quod
332 1506 431 1583 magis
453 1504 653 1567 tolerandum
674 1503 814 1581 ridetur;
836 1505 909 1585 quia
930 1505 957 1566 si
976 1506 1152 1583 Augustini.
1165 1507 1343 1570 doctrinam

116 1611 163 1677 de
177 1613 338 1677 creatione
351 1611 501 1690 conssuli,
514 1611 683 1692 potentiali
696 1619 727 1686 et
746 1611 900 1676 invisibili
916 1614 935 1665 ²
949 1629 989 1675 ax
1005 1621 1095 1693 parte
1108 1616 1344 1694 amplectimur,

118 1739 186 1787 seu-
209 1722 328 1804 potius,
347 1713 374 1784 si
398 1724 479 1783 inter
500 1720 584 1783 illius
607 1720 781 1783 doctrinam
806 1730 839 1784 et
859 1738 1061 1785 communem
1082 1725 1185 1784 media
1206 1714 1345 1803 quadam

116 1835 178 1893 via
202 1829 388 1903 incedimus,
402 1829 469 1888 iure
489 1827 593 1889 dicere
613 1843 798 1906 possumus,
811 1827 911 1890 Deum
934 1845 1033 1908 quum
1047 1828 1219 1904 visibiliter
1235 1837 1345 1892 natan·

115 1939 212 1998 tium
228 1932 469 1997 etvolltantium
484 1934 599 1995 classes
621 1941 751 2009 crearet,
767 1950 938 2013 earumque
952 1935 1164 2013 primogenita
1177 1943 1249 1999 actu
1264 1953 1342 2013 pro.-
1387 2014 1391 2022 ι

113 2046 269 2118 'duceret
291 2057 416 2103 creasse
436 2041 531 2103 simul
552 2038 770 2118 invisibiliter,
785 2040 980 2102 seminaliter
1001 2048 1032 2102 ct
1041 2040 1213 2102 secundnm
1232 2049 1345 2120 puten-

114 2152 210 2214 tium.
227 2164 342 2227 genera
363 2155 395 2210 et
414 2148 534 2227 species
548 2164 657 2209 earum
673 2147 821 2209 classium
834 2164 916 2226 qnae
929 2149 962 2210 in
976 2149 1118 2227 sequenti
1141 2148 1270 2226 periodo
1285 2165 1345 2209 ex-

116 2260 241 2325 sistere
260 2255 430 2319 dabebant.
452 2255 496 2316 lle
517 2255 621 2317 verbis
642 2255 698 2316 liei
719 2255 759 2316 ad
783 2262 1036 2336 proto-parentes
1059 2273 1107 2315 vv.
1129 2257 1181 2330 28,
1202 2257 1254 2317 ite:
1273 2255 1346 2317 Gre-

116 2370 205 2433 scite
273 2368 326 2430 Ait
345 2368 542 2445 Augustinus
561 2363 589 2425 ³:
605 2383 623 2425 n
636 2364 712 2444 lpse'
728 2382 832 2427 sermo
853 2364 921 2425 eius
940 2374 1014 2427 anta
1039 2381 1167 2428 omnem
1188 2365 1268 2426 aeris
1290 2381 1348 2426 so·

123 2498 141 2537 a
165 2492 259 2553 num,
281 2483 354 2538 ante
378 2488 504 2535 omnem
527 2473 630 2534 carnis
651 2480 683 2533 et
703 2471 796 2533 nubis
811 2488 932 2549 vocem,
946 2471 976 2531 io
991 2470 1045 2531 illa
1058 2489 1183 2533 summa
1206 2471 1273 2534 eius
1287 2450 1352 2533 sa-¹

116 2605 140 2648 n
164 2584 287 2667 pientia
310 2601 367 2665 per
386 2600 482 2663 quem
503 2581 582 2643 lacta
603 2588 689 2660 sunt,
711 2597 774 2643 non
796 2582 886 2660 quasi
907 2581 1052 2642 humanis
1073 2581 1202 2642 auribus
1225 2581 1342 2642 instra-

118 2714 139 2758 u
163 2692 271 2775 pebat,
296 2692 353 2754 sed
374 2691 467 2752 rebus
490 2689 580 2751 laetis
602 2706 706 2751 rerum
735 2688 949 2751 faciendarum
971 2674 1098 2751 caussas
1120 2689 1278 2750 inserebat
1304 2699 1337 2752 et

117 2823 139 2866 u
161 2778 373 2883 omnipotenti
396 2801 535 2880 potentia
556 2796 661 2860 futura
682 2797 837 2875 iaciebat,
860 2797 1084 2876 hominemque
1112 2814 1170 2858 suc
1192 2805 1335 2876 tempora

121 2934 141 2977 u
164 2910 368 2979 formandum
389 2910 427 2969 in.
446 2913 795 2986 temporumtanquam
824 2908 944 2966 semine
968 2906 1017 2966 vel
1045 2915 1206 2985 tamquam
1228 2905 1332 2966 radice

125 3046 141 3082 a
165 3019 335 3097 condebat,
356 3016 483 3097 quando
504 3015 659 3077 condebat
676 3032 769 3076 omne
784 3015 867 3076 unde
882 3015 1055 3096 inciperent
1075 3015 1199 3078 saecula
1230 3016 1270 3078 ab
1284 3013 1339 3078 illu

119 3154 138 3195 «
164 3129 294 3194 condita
316 3126 368 3207 qui
389 3131 528 3186 estante
550 3118 687 3185 saecula.
710 3142 728 3182 u
749 3123 832 3185 Haec
852 3142 953 3205 neque
973 3125 1144 3187 defendere
1163 3127 1264 3188 audeo
1280 3143 1340 3186 ne·

120 3252 189 3322 que
208 3232 452 3315 reprehendere:
473 3231 529 3292 sed
549 3236 635 3291 certe
660 3231 766 3291 minus
789 3230 839 3291 ille
863 3231 1141 3311 reprehendendus
1166 3233 1337 3311 videretur,

118 3349 180 3432 qui
200 3346 296 3408 verba
316 3342 371 3405 liei
391 3340 429 3402 ad
451 3320 594 3400 animalia
616 3358 645 3401 v..
667 3338 717 3399 22:
747 3339 880 3403 Crescite
901 3349 960 3402 etc.
975 3347 1101 3419 putaret
1115 3341 1243 3419 quidem
1268 3357 1338 3399 esse

159 3618 177 3666 1
199 3618 250 3680 op.
268 3613 315 3665 cu.
334 3624 361 3678 p.
381 3608 437 3660 lta.

158 3714 179 3764 2
197 3708 373 3775 augustinum
386 3706 445 3758 baec
456 3703 548 3759 docere
565 3721 616 3758 non
634 3706 713 3760 modo
731 3706 764 3760 de
781 3706 920 3775 stirpibus,
932 3705 978 3759 sed
997 3712 1021 3759 et
1039 3703 1071 3759 do
1088 3705 1184 3760 bestiis
1196 3712 1223 3758 at
1235 3705 1267 3757 de
1280 3705 1338 3771 ipsu

115 3796 357 3865 homiaacc'rtum
376 3807 422 3854 est.
436 3800 535 3854 Sufficit
555 3802 638 3867 lugere
656 3819 679 3856 e.
700 3807 728 3855 V.
741 3803 789 3855 lib.
804 3808 833 3866 v,
847 3798 871 3855 ct
885 3818 922 3856 cc.
938 3804 1134 3867 rv‚v‚v1tto.
1154 3806 1197 3856 ill.
1213 3803 1251 3852 De
1267 3801 1336 3854 Gna.

112 3908 159 3961 ud
180 3903 224 3956 iit.
288 3936 291 3942 ·

159 4003 176 4055 3
197 3999 238 4057 lb.
255 4013 278 4052 c.
301 4001 348 4050 l'tt
