2970 5002
1238 296 1277 359 33

22 466 32 511 Ι
63 412 240 497 insignibus
264 425 295 482 et
308 419 526 485 constantibus
540 409 662 502 'sponte
676 424 848 489 dimanant.
866 424 1010 492 Profecto
1029 429 1104 493 satis
1119 429 1201 494 clarc
1217 452 1276 497 aa·

10 575 32 620 Ι
66 534 137 588 tura
153 526 301 608 loquatur
316 535 442 614 oportet
458 579 465 609 ,
494 536 528 592 ul
549 531 632 593 inter
646 549 680 593 se
695 533 763 595 eius
786 536 974 615 interpretes
990 544 1053 600 tam
1075 539 1154 601 mire
1168 557 1281 603 conve·

10 686 31 731 u
65 636 154 700 aiant
165 646 193 701 1.
209 637 256 700 En
271 639 329 715 his,
348 641 398 699 vel
412 640 603 729 naturalium
621 641 825 706 scientiarum
842 645 1019 726 imperitus,
1035 648 1136 727 quiris
1151 650 1285 713 conclu-

10 779 29 838 ,ἰ
65 745 142 806 dere
156 745 260 822 debet,
288 746 401 808 saltem
412 748 503 810 valde
518 750 718 828 probabilem
733 769 845 814 eorum
857 752 1035 816 doctrinam
1047 773 1116 816 csse
1131 806 1138 835 ‚
1151 757 1285 821 docente

26 904 29 943 3
66 848 189 922 Suario,
213 854 385 914 sententiae
412 854 512 933 magia
530 853 763 935 philosophicae
777 862 807 918 et
828 857 948 919 rationi
961 857 1112 937 conformi
1124 862 1223 940 magis
1238 861 1285 924 in-

10 932 28 1052 }
65 956 257 1023 haerendum
284 970 350 1039 est,
383 963 507 1044 quanda
521 965 690 1043 Scriptura
704 983 764 1028 non
778 965 870 1047 capit.
900 968 970 1047 (De
990 985 1039 1048 op.
1063 985 1134 1032 seca.
1147 969 1228 1033 dier.
1245 971 1280 1034 L.

10 1118 26 1160 Ι
75 1065 110 1127 ll.
126 1066 161 1128 G.
177 1069 207 1128 7.
220 1067 239 1147 )
1278 1096 1281 1101 ·

10 1228 24 1270 ·
106 1172 237 1236 Poterat
255 1174 454 1253 Omnipotens
477 1183 507 1240 et
519 1195 579 1276 unc
591 1181 1019 1260 momentoternporr'scmnia
1032 1180 1150 1263 facere,
1167 1189 1202 1246 ut
1215 1201 1285 1246 vcr-

10 1327 22 1377 ,
66 1284 117 1347 bis
129 1286 300 1364 Augustini
318 1282 336 1332 2
351 1288 432 1362 utar,
446 1292 478 1348 et
492 1290 721 1351 res-universas
736 1289 926 1368 cogitatione
943 1291 1011 1370 ipsa
1027 1291 1161 1354 celerius
1173 1292 1285 1354 elabo-

64 1404 152 1460 ratas
177 1399 414 1478 completusque
439 1396 601 1477 proferre3
626 1403 750 1478 poterat
775 1397 931 1459 elementa
945 1405 978 1460 et
991 1399 1089 1460 mixta
1106 1406 1138 1460 et
1154 1400 1284 1479 organis

63 1504 209 1584 praedita
224 1521 358 1585 corpora
374 1512 441 1566 tum
463 1504 699 1582 vegetantium,
722 1511 791 1565 tum
802 1503 987 1567 animalium
1005 1553 1012 1583 ,
1036 1505 1196 1586 simulque
1213 1507 1285 1570 ani-

64 1623 144 1674 mas’
161 1628 269 1674 creare
292 1628 407 1691 easque
422 1611 609 1689 corporibus
623 1611 828 1688 coniungere.
849 1611 959 1672 Veram
970 1614 1041 1693 qais
1055 1614 1144 1674 novit
1157 1611 1284 1676 sansana

66 1723 204 1801 Domini,
217 1728 272 1785 aut
289 1722 359 1802 prsis
373 1719 575 1784 consiliarius
590 1720 658 1781 eius
671 1718 763 1798 suit?
783 1720 910 1781 Certum
925 1720 1187 1801 exploratumque
1212 1731 1281 1799 cst,

65 1827 153 1893 llum
169 1829 201 1892 ld
217 1822 380 1910 potuisse,
408 1827 550 1889 noluisse
562 1834 679 1889 tamen:
706 1828 792 1908 quod
808 1833 840 1889 et
854 1827 1034 1906 geologicae
1049 1829 1285 1892 ohservationes

65 1938 266 2020 confirmant,
283 1946 315 2001 et
327 1936 525 2018 apertissime
538 1943 654 2016 potate
669 1936 845 2016 scripturis,
863 1935 1050 2015 praesertim
1062 1953 1102 1998 ex
1120 1955 1167 2000 ea.
1184 1934 1197 2000 l
1210 1944 1242 2000 et
1257 1938 1285 2001 11

65 2046 145 2110 (leh.¹
161 2047 219 2110 ubi
230 2055 375 2110 accurate
387 2063 483 2127 opera
498 2046 677 2109 successiva
692 2046 795 2108 Mases
811 2045 1010 2122 dinumerat,
1038 2056 1071 2109 et
1085 2064 1124 2109 ex
1138 2046 1209 2110 aliis
1221 2048 1286 2111 alia

61 2156 219 2237 producta
231 2157 339 2236 refert,
356 2172 419 2219 non
433 2173 507 2218 varo
523 2156 648 2236 proprie
674 2162 790 2235 creata,
808 2155 869 2216 hoc
882 2163 930 2216 est
944 2174 962 2216 a
977 2155 1076 2219 nihilo
1090 2155 1184 2238 facta,
1198 2164 1283 2220 utex

59 2278 144 2345 aqua
158 2265 274 2344 pisces,
291 2272 405 2326 eterra
419 2261 782 2343 plantas,quadrupedes
797 2252 961 2323 terrestres
976 2270 1008 2322 et
1022 2262 1216 2324 hominem«
1229 2263 1284 2324 At·

62 2393 77 2430 a
98 2373 155 2453 qui
173 2373 237 2451 ,ait
249 2371 414 2446 petavius,
431 2369 493 2432 dici
506 2370 584 2431 haec
594 2385 634 2431 ex
651 2369 749 2432 nihilo
761 2376 929 2450 procreata
944 2386 1073 2431 necesse
1087 2377 1136 2431 est
1151 2419 1159 2448 ,
1175 2370 1202 2432 si
1215 2387 1284 2460 mo·

60 2502 77 2540 s
99 2486 208 2543 mento
226 2494 291 2544 uno
303 2479 398 2544 simul
410 2482 600 2544 exstiterunt
617 2479 633 2529 3
648 2497 677 2540 n.
692 2479 798 2544 Potuit
810 2479 907 2541 etiam
921 2478 1025 2554 Deus,
1041 2485 1115 2559 post
1131 2477 1285 2540 materiae

60 2589 280 2668 creationem,
305 2589 471 2652 materiam
498 2592 598 2671 ipsam
613 2592 799 2672 permittere
821 2588 997 2653 concreatis
1008 2587 1145 2652 Naturae
1158 2588 1283 2666 legibus

61 2700 72 2780 l
85 2716 167 2781 quae
184 2699 266 2760 nihil
281 2700 368 2763 aliud
380 2709 455 2764 sunt
469 2701 528 2764 nisi
541 2701 698 2766 lineatoris
712 2701 891 2765 voluntates
911 2698 1105 2762 universales
1118 2715 1175 2760 seu
1191 2746 1198 2777 ,
1213 2697 1283 2759 for-

57 2816 143 2871 tasse
164 2811 354 2887 accuratius,
377 2811 552 2875 uniformes
574 2819 606 2873 et
635 2809 900 2891 permanentes),
918 2816 954 2871 ut
976 2808 1051 2870 inde
1073 2815 1106 2869 et
1129 2807 1282 2869 eoelestia

59 2933 194 2995 corpora
207 2917 429 2994 coalescerent,
443 2922 475 2979 et
488 2919 585 2980 mixta
607 2918 821 2981 formarentur
841 2925 873 2978 et
887 2915 995 2980 omnia
1018 2913 1154 2978 Naturae
1176 2913 1283 2994 phae-

57 3040 195 3088 nomena
207 3035 429 3110 exsurgerent,
445 3034 512 3089 lum
527 3029 633 3090 solum
648 3027 830 3091 immediate
842 3044 900 3106 per
924 3042 1083 3104 sengens,
1105 3023 1162 3087 ubi
1186 3022 1282 3103 operi

59 3133 242 3198 aCreatore
261 3135 383 3199 intento
403 3134 540 3202 Naturae
553 3137 635 3197 vires
650 3137 787 3215 impares
808 3142 926 3196 essent:
945 3133 1050 3214 potuit
1064 3148 1179 3210 nempe
1195 3131 1279 3206 legi-¹

59 3241 121 3303 hus
141 3259 160 3302 a
181 3258 215 3303 se
239 3241 308 3320 ipso
326 3243 454 3305 sancitis
470 3248 590 3304 creatas
612 3259 661 3304 res
684 3259 747 3304 non
763 3240 868 3303 solum
881 3255 1084 3313 conservare,
1113 3236 1168 3298 sed
1181 3236 1280 3298 etiam

59 3349 164 3412 modis
185 3350 280 3412 variis
301 3349 465 3430 perficere,
481 3350 663 3413 consociare
674 3356 706 3412 et
720 3349 812 3411 aliter
832 3355 927 3427 atque
945 3346 1036 3408 aliter
1057 3345 1216 3422 effingere,
1230 3349 1278 3404 at·

58 3470 124 3536 qua
148 3450 206 3536 (ut
220 3456 389 3521 Christiani
401 3464 513 3537 poetae
525 3457 632 3539 phrasi
648 3467 717 3522 utar
730 3456 738 3536 l
752 3475 867 3520 ornare
882 3454 1116 3535 superinductis
1128 3451 1280 3530 inthrrnia

95 3655 112 3703 1
130 3655 250 3720 Brocchi,
263 3658 374 3726 loquens
384 3657 416 3712 de
430 3659 555 3726 peculiari
565 3657 679 3725 quadam
692 3658 845 3724 qrraestionc
857 3654 1004 3722 geologicm
1018 3653 1154 3719 scripsit«
1168 3653 1275 3704 convie-

55 3769 72 3801 α
91 3769 126 3806 ne
145 3754 193 3807 cha
211 3755 236 3806 la
255 3765 350 3808 natura
369 3758 440 3808 assai
459 3757 638 3809 chiaramente
659 3758 683 3807 si
702 3758 840 3820 aprima,
861 3753 956 3820 perche
971 3761 1077 3819 quattrc
1092 3751 1188 3803 filosofi
1206 3752 1278 3803 siena

52 3869 68 3900 a
90 3851 116 3902 d'
128 3851 240 3904 occardo
258 3868 284 3904 a.
303 3853 384 3903 State
402 3853 442 3921 fis.
462 3853 504 3906 dei
522 3855 596 3905 secto
614 3853 643 3905 rh·
661 3856 746 3905 Roma
763 3871 792 3922 p.
815 3855 871 3904 l95.

89 3949 108 3999 2
121 3947 160 4000 De
172 3946 374 4001 catechizandis
390 3949 500 4000 rudibus
510 3965 533 4001 c.
547 3953 627 4004 xvh.
641 3955 708 4004 ante
721 3953 799 4004 verba
811 3953 891 4004 citata
906 3953 953 4012 ait,
969 3957 1050 4003 Deum
1060 3963 1108 4001 sea
1118 3948 1208 4000 diebus
1222 3965 1280 4016 apc-

50 4049 238 4110 retentasse,
268 4046 423 4112 etaeptirae
441 4048 616 4110 manierias,
645 4047 692 4098 ubi
710 4045 817 4101 ridetur
847 4049 985 4112 vulgarem
1005 4048 1080 4115 sequi
1098 4047 1279 4109 sententiam,

51 4154 136 4209 qaam
156 4149 263 4206 tamen,
283 4156 330 4210 pro
348 4141 434 4194 doctis
451 4139 594 4204 scribens,
613 4157 660 4194 nea
678 4151 754 4195 antea
773 4152 882 4196 secutus
901 4154 960 4198 erat
980 4161 1025 4198 nce
1052 4155 1143 4212 postca
1168 4154 1278 4196 secutus

55 4242 100 4288 est
118 4236 146 4287 in
165 4235 254 4288 Libris
272 4235 306 4290 dc
323 4237 386 4290 Gen.
400 4236 433 4288 ad
448 4237 511 4302 tlt.‚
530 4245 556 4289 et
574 4231 608 4291 de
627 4238 682 4292 Cir.
704 4235 760 4291 ilci.

91 4329 188 4385 auth.
209 4336 231 4385 1.
252 4332 426 4397 (ΝΜ.
462 4332 466 4341 ’
