<?xml version="1.0" encoding="UTF-8"?>
<!DOCTYPE html PUBLIC "-//W3C//DTD XHTML 1.0 Transitional//EN"
    "http://www.w3.org/TR/xhtml1/DTD/xhtml1-transitional.dtd">
<html xmlns="http://www.w3.org/1999/xhtml" xml:lang="en" lang="en">
 <head>
  <title>
</title>
<meta http-equiv="Content-Type" content="text/html;charset=utf-8" />
  <meta name='ocr-system' content='tesseract 3.04.00' />
  <meta name='ocr-capabilities' content='ocr_page ocr_carea ocr_par ocr_line ocrx_word'/>
</head>
<body>
  <div class='ocr_page' id='page_1' title='image "./inhistoriamcrea00piangoog_0014.png"; bbox 0 0 2970 5002; ppageno 0'>
   <div class='ocr_carea' id='block_1_1' title="bbox 468 1651 1010 1732">
    <p class='ocr_par' dir='ltr' id='par_1_1' title="bbox 468 1651 1010 1732">
     <span class='ocr_line' id='line_1_1' title="bbox 468 1651 1010 1732; baseline 0.002 -18"><span class='ocrx_word' id='word_1_1' title='bbox 468 1728 471 1732; x_wconf 43' lang='grc'>,</span> <span class='ocrx_word' id='word_1_2' title='bbox 535 1651 813 1715; x_wconf 82' lang='lat' dir='ltr'>counnnrnrro</span> <span class='ocrx_word' id='word_1_3' title='bbox 929 1664 931 1668; x_wconf 45' lang='lat'><strong><em>⁴</em></strong></span> <span class='ocrx_word' id='word_1_4' title='bbox 1006 1707 1010 1715; x_wconf 89' lang='lat'>.</span> 
     </span>
    </p>
   </div>
   <div class='ocr_carea' id='block_1_2' title="bbox 487 2043 1278 2318">
    <p class='ocr_par' dir='ltr' id='par_1_2' title="bbox 487 2043 1277 2249">
     <span class='ocr_line' id='line_1_2' title="bbox 487 2043 1277 2114; baseline 0.014 -18"><span class='ocrx_word' id='word_1_5' title='bbox 487 2050 571 2109; x_wconf 77' lang='lat' dir='ltr'>Quam</span> <span class='ocrx_word' id='word_1_6' title='bbox 590 2043 730 2112; x_wconf 85' lang='lat' dir='ltr'>polubrum</span> <span class='ocrx_word' id='word_1_7' title='bbox 749 2052 789 2098; x_wconf 84' lang='lat' dir='ltr'>est</span> <span class='ocrx_word' id='word_1_8' title='bbox 808 2045 834 2097; x_wconf 89' lang='lat' dir='ltr'>in</span> <span class='ocrx_word' id='word_1_9' title='bbox 854 2046 1004 2113; x_wconf 79' lang='lat' dir='ltr'>principiis,</span> <span class='ocrx_word' id='word_1_10' title='bbox 1024 2050 1050 2101; x_wconf 94' lang='lat' dir='ltr'>in</span> <span class='ocrx_word' id='word_1_11' title='bbox 1069 2050 1171 2114; x_wconf 82' lang='lat' dir='ltr'>origine</span> <span class='ocrx_word' id='word_1_12' title='bbox 1190 2065 1277 2107; x_wconf 87' lang='lat' dir='ltr'>rorum</span> 
     </span>
     <span class='ocr_line' id='line_1_3' title="bbox 530 2112 1179 2170; baseline 0.008 -7"><span class='ocrx_word' id='word_1_13' title='bbox 530 2112 658 2166; x_wconf 80' lang='lat' dir='ltr'>Deiixisse</span> <span class='ocrx_word' id='word_1_14' title='bbox 673 2115 766 2166; x_wconf 79' lang='lat' dir='ltr'>oculos</span> <span class='ocrx_word' id='word_1_15' title='bbox 783 2120 811 2165; x_wconf 75' lang='lat' dir='ltr'>et</span> <span class='ocrx_word' id='word_1_16' title='bbox 829 2114 916 2168; x_wconf 86' lang='lat' dir='ltr'>nubilo</span> <span class='ocrx_word' id='word_1_17' title='bbox 935 2119 1031 2169; x_wconf 78' lang='lat' dir='ltr'>menois</span> <span class='ocrx_word' id='word_1_18' title='bbox 1049 2125 1179 2170; x_wconf 80' lang='lat' dir='ltr'>onumen!</span> 
     </span>
     <span class='ocr_line' id='line_1_4' title="bbox 530 2181 855 2249; baseline 0.009 -18"><span class='ocrx_word' id='word_1_19' title='bbox 530 2183 652 2234; x_wconf 77' lang='lat' dir='ltr'>Pervolat</span> <span class='ocrx_word' id='word_1_20' title='bbox 668 2182 720 2235; x_wconf 89' lang='lat' dir='ltr'>buc</span> <span class='ocrx_word' id='word_1_21' title='bbox 738 2181 855 2249; x_wconf 84' lang='lat' dir='ltr'>sopiens.</span> 
     </span>
    </p>

    <p class='ocr_par' dir='ltr' id='par_1_3' title="bbox 906 2250 1278 2318">
     <span class='ocr_line' id='line_1_5' title="bbox 906 2250 1278 2318; baseline 0.019 -16"><span class='ocrx_word' id='word_1_22' title='bbox 906 2250 1058 2318; x_wconf 76' lang='lat' dir='ltr'>(Poiignuo.</span> <span class='ocrx_word' id='word_1_23' title='bbox 1080 2253 1278 2318; x_wconf 71' lang='lat' dir='ltr'>Anti-lucret.)</span> 
     </span>
    </p>
   </div>
   <div class='ocr_carea' id='block_1_3' title="bbox 26 2726 1280 4472">
    <p class='ocr_par' dir='ltr' id='par_1_4' title="bbox 48 2726 1280 3607">
     <span class='ocr_line' id='line_1_6' title="bbox 80 2726 1280 2855; baseline -0.002 -19"><span class='ocrx_word' id='word_1_24' title='bbox 80 2774 104 2836; x_wconf 89' lang='lat' dir='ltr'>i.</span> <span class='ocrx_word' id='word_1_25' title='bbox 133 2726 178 2855; x_wconf 80' lang='lat' dir='ltr'>S</span> <span class='ocrx_word' id='word_1_26' title='bbox 197 2771 332 2834; x_wconf 77' lang='lat' dir='ltr'>Thomas</span> <span class='ocrx_word' id='word_1_27' title='bbox 346 2758 357 2852; x_wconf 79' lang='lat'>(</span> <span class='ocrx_word' id='word_1_28' title='bbox 370 2769 460 2832; x_wconf 88' lang='lat' dir='ltr'>Sum.</span> <span class='ocrx_word' id='word_1_29' title='bbox 473 2784 505 2848; x_wconf 84' lang='lat' dir='ltr'>p.</span> <span class='ocrx_word' id='word_1_30' title='bbox 521 2767 545 2830; x_wconf 86' lang='lat' dir='ltr'>i.</span> <span class='ocrx_word' id='word_1_31' title='bbox 560 2787 592 2849; x_wconf 89' lang='lat' dir='ltr'>q.</span> <span class='ocrx_word' id='word_1_32' title='bbox 608 2769 658 2833; x_wconf 80' lang='grc'>66.</span> <span class='ocrx_word' id='word_1_33' title='bbox 674 2773 706 2831; x_wconf 79' lang='lat' dir='ltr'>ei</span> <span class='ocrx_word' id='word_1_34' title='bbox 721 2786 808 2851; x_wconf 82' lang='lat' dir='ltr'>seqq.</span> <span class='ocrx_word' id='word_1_35' title='bbox 826 2766 835 2849; x_wconf 68' lang='lat' dir='ltr'>i</span> <span class='ocrx_word' id='word_1_36' title='bbox 851 2770 966 2851; x_wconf 88' lang='lat' dir='ltr'>oiiiquo</span> <span class='ocrx_word' id='word_1_37' title='bbox 988 2788 1004 2832; x_wconf 89' lang='lat' dir='ltr'>e</span> <span class='ocrx_word' id='word_1_38' title='bbox 1027 2771 1134 2834; x_wconf 82' lang='lat' dir='ltr'>schola</span> <span class='ocrx_word' id='word_1_39' title='bbox 1156 2772 1280 2834; x_wconf 76' lang='lat' dir='ltr'>tirocin-</span> 
     </span>
     <span class='ocr_line' id='line_1_7' title="bbox 48 2874 1274 2961; baseline -0.003 -17"><span class='ocrx_word' id='word_1_40' title='bbox 48 2884 82 2960; x_wconf 84' lang='lat' dir='ltr'>gi</span> <span class='ocrx_word' id='word_1_41' title='bbox 100 2878 366 2944; x_wconf 78' lang='lat' dir='ltr'>commentarium</span> <span class='ocrx_word' id='word_1_42' title='bbox 380 2875 604 2955; x_wconf 77' lang='lat' dir='ltr'>theologicum,</span> <span class='ocrx_word' id='word_1_43' title='bbox 620 2879 685 2939; x_wconf 86' lang='lat' dir='ltr'>sive</span> <span class='ocrx_word' id='word_1_44' title='bbox 700 2874 1151 2961; x_wconf 78' lang='lat' dir='ltr'>theologico-philosophicum</span> <span class='ocrx_word' id='word_1_45' title='bbox 1164 2881 1195 2941; x_wconf 93' lang='lat' dir='ltr'>in</span> <span class='ocrx_word' id='word_1_46' title='bbox 1205 2897 1236 2940; x_wconf 87' lang='lat' dir='ltr'>n.</span> <span class='ocrx_word' id='word_1_47' title='bbox 1250 2895 1274 2940; x_wconf 91' lang='lat'>1.</span> 
     </span>
     <span class='ocr_line' id='line_1_8' title="bbox 54 2987 1278 3054; baseline -0.002 0"><span class='ocrx_word' id='word_1_48' title='bbox 54 2994 211 3054; x_wconf 86' lang='lat' dir='ltr'>Genescos</span> <span class='ocrx_word' id='word_1_49' title='bbox 226 2988 349 3050; x_wconf 77' lang='lat' dir='ltr'>trudere</span> <span class='ocrx_word' id='word_1_50' title='bbox 362 2993 608 3052; x_wconf 79' lang='lat' dir='ltr'>consueverunt.</span> <span class='ocrx_word' id='word_1_51' title='bbox 624 2987 659 3048; x_wconf 89' lang='lat' dir='ltr'>id</span> <span class='ocrx_word' id='word_1_52' title='bbox 672 2988 871 3052; x_wconf 84' lang='lat' dir='ltr'>commodius</span> <span class='ocrx_word' id='word_1_53' title='bbox 892 2997 925 3051; x_wconf 82' lang='lat' dir='ltr'>oi</span> <span class='ocrx_word' id='word_1_54' title='bbox 946 2989 1055 3051; x_wconf 75' lang='lat' dir='ltr'>utilius</span> <span class='ocrx_word' id='word_1_55' title='bbox 1079 2995 1278 3052; x_wconf 80' lang='lat' dir='ltr'>nostrnuovo</span> 
     </span>
     <span class='ocr_line' id='line_1_9' title="bbox 52 3095 1274 3176; baseline -0.003 -16"><span class='ocrx_word' id='word_1_56' title='bbox 52 3099 131 3160; x_wconf 89' lang='lat' dir='ltr'>mibi</span> <span class='ocrx_word' id='word_1_57' title='bbox 145 3096 342 3159; x_wconf 83' lang='lat' dir='ltr'>videiuciieri</span> <span class='ocrx_word' id='word_1_58' title='bbox 358 3112 462 3176; x_wconf 86' lang='lat' dir='ltr'>posse,</span> <span class='ocrx_word' id='word_1_59' title='bbox 482 3102 514 3157; x_wconf 80' lang='lat' dir='ltr'>et</span> <span class='ocrx_word' id='word_1_60' title='bbox 538 3095 567 3157; x_wconf 90' lang='lat' dir='ltr'>id</span> <span class='ocrx_word' id='word_1_61' title='bbox 578 3095 800 3174; x_wconf 77' lang='lat' dir='ltr'>praestandum</span> <span class='ocrx_word' id='word_1_62' title='bbox 810 3096 988 3174; x_wconf 79' lang='lat' dir='ltr'>aggredior.</span> <span class='ocrx_word' id='word_1_63' title='bbox 1002 3097 1048 3158; x_wconf 78' lang='lat' dir='ltr'>Ac</span> <span class='ocrx_word' id='word_1_64' title='bbox 1064 3098 1172 3174; x_wconf 86' lang='lat' dir='ltr'>primo</span> <span class='ocrx_word' id='word_1_65' title='bbox 1192 3098 1274 3156; x_wconf 73' lang='lat' dir='ltr'>iiiio-</span> 
     </span>
     <span class='ocr_line' id='line_1_10' title="bbox 51 3202 1273 3285; baseline -0.002 -17"><span class='ocrx_word' id='word_1_66' title='bbox 51 3223 144 3285; x_wconf 84' lang='lat' dir='ltr'>grum</span> <span class='ocrx_word' id='word_1_67' title='bbox 158 3202 237 3268; x_wconf 83' lang='lat' dir='ltr'>iliud</span> <span class='ocrx_word' id='word_1_68' title='bbox 252 3213 346 3284; x_wconf 83' lang='lat' dir='ltr'>caput</span> <span class='ocrx_word' id='word_1_69' title='bbox 359 3203 582 3284; x_wconf 85' lang='lat' dir='ltr'>exponendum</span> <span class='ocrx_word' id='word_1_70' title='bbox 597 3208 686 3283; x_wconf 82' lang='lat' dir='ltr'>puio,</span> <span class='ocrx_word' id='word_1_71' title='bbox 702 3220 767 3266; x_wconf 88' lang='lat' dir='ltr'>non</span> <span class='ocrx_word' id='word_1_72' title='bbox 782 3209 817 3264; x_wconf 85' lang='lat' dir='ltr'>ui</span> <span class='ocrx_word' id='word_1_73' title='bbox 832 3204 945 3281; x_wconf 78' lang='lat' dir='ltr'>legitur</span> <span class='ocrx_word' id='word_1_74' title='bbox 958 3203 990 3264; x_wconf 93' lang='lat' dir='ltr'>in</span> <span class='ocrx_word' id='word_1_75' title='bbox 1005 3203 1125 3282; x_wconf 80' lang='lat' dir='ltr'>optime</span> <span class='ocrx_word' id='word_1_76' title='bbox 1145 3203 1273 3280; x_wconf 79' lang='lat' dir='ltr'>uulgum</span> 
     </span>
     <span class='ocr_line' id='line_1_11' title="bbox 49 3296 1275 3394; baseline -0.002 -19"><span class='ocrx_word' id='word_1_77' title='bbox 49 3315 193 3377; x_wconf 78' lang='lat' dir='ltr'>versione</span> <span class='ocrx_word' id='word_1_78' title='bbox 208 3328 304 3394; x_wconf 86' lang='lat' dir='ltr'>quom</span> <span class='ocrx_word' id='word_1_79' title='bbox 319 3312 369 3390; x_wconf 88' lang='lat' dir='ltr'>bin</span> <span class='ocrx_word' id='word_1_80' title='bbox 383 3311 562 3376; x_wconf 77' lang='lat' dir='ltr'>describere</span> <span class='ocrx_word' id='word_1_81' title='bbox 574 3296 848 3392; x_wconf 74' lang='lat' dir='ltr'>supervacaneum</span> <span class='ocrx_word' id='word_1_82' title='bbox 856 3316 948 3390; x_wconf 78' lang='lat' dir='ltr'>esset,</span> <span class='ocrx_word' id='word_1_83' title='bbox 963 3326 1034 3373; x_wconf 92' lang='lat' dir='ltr'>cum</span> <span class='ocrx_word' id='word_1_84' title='bbox 1049 3311 1191 3373; x_wconf 88' lang='lat' dir='ltr'>omnium</span> <span class='ocrx_word' id='word_1_85' title='bbox 1204 3328 1275 3374; x_wconf 83' lang='lat' dir='ltr'>mo-</span> 
     </span>
     <span class='ocr_line' id='line_1_12' title="bbox 51 3418 1273 3501; baseline 0 -19"><span class='ocrx_word' id='word_1_86' title='bbox 51 3423 145 3484; x_wconf 83' lang='lat' dir='ltr'>nibus</span> <span class='ocrx_word' id='word_1_87' title='bbox 160 3428 290 3501; x_wconf 82' lang='lat' dir='ltr'>toruior,</span> <span class='ocrx_word' id='word_1_88' title='bbox 304 3420 359 3482; x_wconf 86' lang='lat' dir='ltr'>sed</span> <span class='ocrx_word' id='word_1_89' title='bbox 374 3421 514 3500; x_wconf 82' lang='lat' dir='ltr'>pressius</span> <span class='ocrx_word' id='word_1_90' title='bbox 529 3418 679 3483; x_wconf 84' lang='lat' dir='ltr'>hebraico</span> <span class='ocrx_word' id='word_1_91' title='bbox 694 3422 791 3485; x_wconf 81' lang='lat' dir='ltr'>textui</span> <span class='ocrx_word' id='word_1_92' title='bbox 807 3420 1010 3484; x_wconf 78' lang='lat' dir='ltr'>inhaerendo.</span> <span class='ocrx_word' id='word_1_93' title='bbox 1027 3418 1166 3482; x_wconf 83' lang='lat' dir='ltr'>Verbum</span> <span class='ocrx_word' id='word_1_94' title='bbox 1178 3420 1273 3482; x_wconf 82' lang='lat' dir='ltr'>verbo</span> 
     </span>
     <span class='ocr_line' id='line_1_13' title="bbox 50 3521 800 3607; baseline 0.003 -19"><span class='ocrx_word' id='word_1_95' title='bbox 50 3529 171 3591; x_wconf 84' lang='lat' dir='ltr'>curabo</span> <span class='ocrx_word' id='word_1_96' title='bbox 192 3529 322 3591; x_wconf 86' lang='lat' dir='ltr'>reddero</span> <span class='ocrx_word' id='word_1_97' title='bbox 337 3528 419 3590; x_wconf 83' lang='lat' dir='ltr'>fidus</span> <span class='ocrx_word' id='word_1_98' title='bbox 433 3527 602 3607; x_wconf 75' lang='lat' dir='ltr'>interpres.</span> <span class='ocrx_word' id='word_1_99' title='bbox 798 3521 800 3523; x_wconf 69' lang='grc'><strong>’</strong></span> 
     </span>
    </p>

    <p class='ocr_par' dir='ltr' id='par_1_5' title="bbox 92 3628 1273 3718">
     <span class='ocr_line' id='line_1_14' title="bbox 92 3628 1273 3718; baseline 0 -21"><span class='ocrx_word' id='word_1_100' title='bbox 92 3638 121 3698; x_wconf 89' lang='grc'>1.</span> <span class='ocrx_word' id='word_1_101' title='bbox 139 3637 173 3698; x_wconf 88' lang='lat' dir='ltr'>ln</span> <span class='ocrx_word' id='word_1_102' title='bbox 188 3628 341 3717; x_wconf 83' lang='lat' dir='ltr'>principio</span> <span class='ocrx_word' id='word_1_103' title='bbox 355 3637 473 3700; x_wconf 79' lang='lat' dir='ltr'>ercurio</span> <span class='ocrx_word' id='word_1_104' title='bbox 486 3635 568 3699; x_wconf 84' lang='lat' dir='ltr'>Deus</span> <span class='ocrx_word' id='word_1_105' title='bbox 584 3638 706 3700; x_wconf 87' lang='lat' dir='ltr'>oooiom</span> <span class='ocrx_word' id='word_1_106' title='bbox 720 3637 795 3718; x_wconf 84' lang='lat' dir='ltr'>(sivo</span> <span class='ocrx_word' id='word_1_107' title='bbox 806 3638 914 3702; x_wconf 82' lang='lat' dir='ltr'>socios:</span> <span class='ocrx_word' id='word_1_108' title='bbox 929 3639 975 3702; x_wconf 81' lang='lat' dir='ltr'>iio</span> <span class='ocrx_word' id='word_1_109' title='bbox 988 3638 1089 3717; x_wconf 75' lang='lat' dir='ltr'>aiibi),</span> <span class='ocrx_word' id='word_1_110' title='bbox 1104 3643 1135 3700; x_wconf 76' lang='lat' dir='ltr'>oo</span> <span class='ocrx_word' id='word_1_111' title='bbox 1147 3636 1273 3700; x_wconf 65' lang='lat' dir='ltr'>terrum}</span> 
     </span>
    </p>

    <p class='ocr_par' dir='ltr' id='par_1_6' title="bbox 46 3731 1275 4043">
     <span class='ocr_line' id='line_1_15' title="bbox 88 3731 1275 3828; baseline -0.002 -22"><span class='ocrx_word' id='word_1_112' title='bbox 88 3747 121 3806; x_wconf 64' lang='grc' dir='ltr'>Ξ.</span> <span class='ocrx_word' id='word_1_113' title='bbox 138 3745 177 3807; x_wconf 80' lang='lat' dir='ltr'>Eo</span> <span class='ocrx_word' id='word_1_114' title='bbox 199 3752 265 3805; x_wconf 84' lang='lat' dir='ltr'>erut</span> <span class='ocrx_word' id='word_1_115' title='bbox 281 3753 361 3807; x_wconf 79' lang='lat' dir='ltr'>term</span> <span class='ocrx_word' id='word_1_116' title='bbox 376 3746 500 3808; x_wconf 78' lang='lat' dir='ltr'>desorto</span> <span class='ocrx_word' id='word_1_117' title='bbox 513 3753 544 3807; x_wconf 85' lang='lat' dir='ltr'>ei</span> <span class='ocrx_word' id='word_1_118' title='bbox 559 3761 655 3809; x_wconf 85' lang='lat' dir='ltr'>vocuo</span> <span class='ocrx_word' id='word_1_119' title='bbox 672 3747 680 3827; x_wconf 88' lang='grc'><strong>(</strong></span> <span class='ocrx_word' id='word_1_120' title='bbox 696 3764 751 3810; x_wconf 86' lang='lat' dir='ltr'>sou</span> <span class='ocrx_word' id='word_1_121' title='bbox 775 3747 921 3826; x_wconf 79' lang='lat' dir='ltr'>informis</span> <span class='ocrx_word' id='word_1_122' title='bbox 938 3798 944 3828; x_wconf 83' lang='lat'>‚</span> <span class='ocrx_word' id='word_1_123' title='bbox 962 3743 1073 3828; x_wconf 74' lang='grc' dir='ltr'><strong>ἅμορφη</strong></span> <span class='ocrx_word' id='word_1_124' title='bbox 1091 3796 1097 3821; x_wconf 93' lang='grc'>,</span> <span class='ocrx_word' id='word_1_125' title='bbox 1121 3731 1249 3822; x_wconf 72' lang='lat' dir='ltr'>confuso</span> <span class='ocrx_word' id='word_1_126' title='bbox 1267 3790 1275 3819; x_wconf 86' lang='lat'><strong><em>,</em></strong></span> 
     </span>
     <span class='ocr_line' id='line_1_16' title="bbox 46 3837 1272 3934; baseline -0.001 -20"><span class='ocrx_word' id='word_1_127' title='bbox 46 3850 239 3929; x_wconf 79' lang='lat' dir='ltr'>inuisibilis)</span> <span class='ocrx_word' id='word_1_128' title='bbox 250 3837 280 3912; x_wconf 81' lang='lat' dir='ltr'>et</span> <span class='ocrx_word' id='word_1_129' title='bbox 294 3853 453 3931; x_wconf 78' lang='lat' dir='ltr'>tenebrae,</span> <span class='ocrx_word' id='word_1_130' title='bbox 470 3854 679 3934; x_wconf 72' lang='lat' dir='ltr'>(obscurioris,</span> <span class='ocrx_word' id='word_1_131' title='bbox 693 3855 758 3916; x_wconf 83' lang='lat' dir='ltr'>itui.</span> <span class='ocrx_word' id='word_1_132' title='bbox 775 3855 911 3932; x_wconf 74' lang='lat' dir='ltr'>conobro,</span> <span class='ocrx_word' id='word_1_133' title='bbox 925 3838 1064 3918; x_wconf 71' lang='lat' dir='ltr'>cenchrin</span> <span class='ocrx_word' id='word_1_134' title='bbox 1079 3851 1087 3931; x_wconf 87' lang='grc'>)</span> <span class='ocrx_word' id='word_1_135' title='bbox 1104 3867 1199 3930; x_wconf 83' lang='lat' dir='ltr'>super</span> <span class='ocrx_word' id='word_1_136' title='bbox 1223 3849 1272 3913; x_wconf 81' lang='lat' dir='ltr'>iu-</span> 
     </span>
     <span class='ocr_line' id='line_1_17' title="bbox 47 3961 1091 4043; baseline -0.001 -20"><span class='ocrx_word' id='word_1_137' title='bbox 47 3961 130 4023; x_wconf 88' lang='lat' dir='ltr'>oiem</span> <span class='ocrx_word' id='word_1_138' title='bbox 155 3961 272 4042; x_wconf 79' lang='lat' dir='ltr'>abyssi,</span> <span class='ocrx_word' id='word_1_139' title='bbox 287 3969 319 4023; x_wconf 82' lang='lat' dir='ltr'>et</span> <span class='ocrx_word' id='word_1_140' title='bbox 332 3962 462 4040; x_wconf 78' lang='lat' dir='ltr'>spiritus</span> <span class='ocrx_word' id='word_1_141' title='bbox 476 3961 533 4023; x_wconf 80' lang='lat' dir='ltr'>Dei</span> <span class='ocrx_word' id='word_1_142' title='bbox 547 3979 677 4025; x_wconf 83' lang='lat' dir='ltr'>movens</span> <span class='ocrx_word' id='word_1_143' title='bbox 691 3980 789 4043; x_wconf 84' lang='lat' dir='ltr'>super</span> <span class='ocrx_word' id='word_1_144' title='bbox 802 3962 913 4024; x_wconf 78' lang='lat' dir='ltr'>facicm</span> <span class='ocrx_word' id='word_1_145' title='bbox 927 3970 1091 4040; x_wconf 83' lang='lat' dir='ltr'>uquarum.</span> 
     </span>
    </p>

    <p class='ocr_par' dir='ltr' id='par_1_7' title="bbox 26 4056 1274 4472">
     <span class='ocr_line' id='line_1_18' title="bbox 96 4056 1269 4152; baseline 0.001 -21"><span class='ocrx_word' id='word_1_146' title='bbox 96 4071 127 4131; x_wconf 71' lang='grc'>3.</span> <span class='ocrx_word' id='word_1_147' title='bbox 140 4068 181 4131; x_wconf 79' lang='lat' dir='ltr'>Ei</span> <span class='ocrx_word' id='word_1_148' title='bbox 195 4068 274 4131; x_wconf 78' lang='lat' dir='ltr'>dixit</span> <span class='ocrx_word' id='word_1_149' title='bbox 288 4068 381 4131; x_wconf 84' lang='lat' dir='ltr'>bous:</span> <span class='ocrx_word' id='word_1_150' title='bbox 394 4068 435 4129; x_wconf 83' lang='lat' dir='ltr'>sit</span> <span class='ocrx_word' id='word_1_151' title='bbox 448 4069 502 4132; x_wconf 81' lang='lat' dir='ltr'>iux</span> <span class='ocrx_word' id='word_1_152' title='bbox 517 4069 586 4150; x_wconf 82' lang='lat' dir='ltr'>(vei</span> <span class='ocrx_word' id='word_1_153' title='bbox 601 4070 695 4152; x_wconf 67' lang='lat' dir='ltr'>iouis)</span> <span class='ocrx_word' id='word_1_154' title='bbox 710 4078 742 4132; x_wconf 81' lang='lat' dir='ltr'>et</span> <span class='ocrx_word' id='word_1_155' title='bbox 755 4068 889 4134; x_wconf 80' lang='lat' dir='ltr'>luxiuii:</span> <span class='ocrx_word' id='word_1_156' title='bbox 909 4069 918 4150; x_wconf 71' lang='lat' dir='ltr'>i</span> <span class='ocrx_word' id='word_1_157' title='bbox 933 4064 1045 4132; x_wconf 80' lang='lat' dir='ltr'>molius</span> <span class='ocrx_word' id='word_1_158' title='bbox 1057 4069 1122 4132; x_wconf 81' lang='lat' dir='ltr'>iioi.</span> <span class='ocrx_word' id='word_1_159' title='bbox 1137 4069 1186 4132; x_wconf 85' lang='lat' dir='ltr'>sio</span> <span class='ocrx_word' id='word_1_160' title='bbox 1202 4056 1269 4132; x_wconf 78' lang='lat' dir='ltr'>luco</span> 
     </span>
     <span class='ocr_line' id='line_1_19' title="bbox 52 4175 239 4257; baseline -0.005 -19"><span class='ocrx_word' id='word_1_161' title='bbox 52 4175 239 4257; x_wconf 70' lang='lat' dir='ltr'>elucesci.)</span> 
     </span>
     <span class='ocr_line' id='line_1_20' title="bbox 26 4277 1274 4368; baseline 0.002 -22"><span class='ocrx_word' id='word_1_162' title='bbox 26 4362 29 4368; x_wconf 11' lang='lat' dir='ltr'>A</span> <span class='ocrx_word' id='word_1_163' title='bbox 95 4285 126 4346; x_wconf 80' lang='grc'>4.</span> <span class='ocrx_word' id='word_1_164' title='bbox 143 4277 183 4345; x_wconf 81' lang='lat' dir='ltr'>iio</span> <span class='ocrx_word' id='word_1_165' title='bbox 197 4283 273 4345; x_wconf 81' lang='lat' dir='ltr'>vioio</span> <span class='ocrx_word' id='word_1_166' title='bbox 287 4283 369 4346; x_wconf 81' lang='lat' dir='ltr'>Dens</span> <span class='ocrx_word' id='word_1_167' title='bbox 384 4284 587 4365; x_wconf 69' lang='lat' dir='ltr'>iucem&#39;quorl</span> <span class='ocrx_word' id='word_1_168' title='bbox 600 4285 610 4368; x_wconf 83' lang='lat'>(</span> <span class='ocrx_word' id='word_1_169' title='bbox 624 4284 732 4368; x_wconf 84' lang='lat' dir='ltr'>ossei)</span> <span class='ocrx_word' id='word_1_170' title='bbox 749 4286 842 4366; x_wconf 85' lang='lat' dir='ltr'>bonu,</span> <span class='ocrx_word' id='word_1_171' title='bbox 860 4293 891 4352; x_wconf 83' lang='lat' dir='ltr'>et</span> <span class='ocrx_word' id='word_1_172' title='bbox 906 4286 1011 4351; x_wconf 81' lang='lat' dir='ltr'>divisit</span> <span class='ocrx_word' id='word_1_173' title='bbox 1024 4286 1107 4349; x_wconf 81' lang='lat' dir='ltr'>licus</span> <span class='ocrx_word' id='word_1_174' title='bbox 1123 4284 1204 4349; x_wconf 73' lang='lat' dir='ltr'>intur</span> <span class='ocrx_word' id='word_1_175' title='bbox 1225 4285 1274 4349; x_wconf 91' lang='lat' dir='ltr'>lu·</span> 
     </span>
     <span class='ocr_line' id='line_1_21' title="bbox 44 4374 1071 4472; baseline 0.002 -21"><span class='ocrx_word' id='word_1_176' title='bbox 44 4407 125 4472; x_wconf 81' lang='lat' dir='ltr'>cem,</span> <span class='ocrx_word' id='word_1_177' title='bbox 148 4389 446 4457; x_wconf 77' lang='lat' dir='ltr'>etintertcnc&#39;bros.</span> <span class='ocrx_word' id='word_1_178' title='bbox 503 4422 506 4429; x_wconf 96' lang='lat'>·</span> <span class='ocrx_word' id='word_1_179' title='bbox 731 4374 734 4379; x_wconf 41' lang='lat'><strong><em>¹</em></strong></span> <span class='ocrx_word' id='word_1_180' title='bbox 842 4378 845 4385; x_wconf 77' lang='grc'><strong>’</strong></span> <span class='ocrx_word' id='word_1_181' title='bbox 904 4379 908 4389; x_wconf 73' lang='grc'><em>’</em></span> <span class='ocrx_word' id='word_1_182' title='bbox 1068 4402 1071 4407; x_wconf 90' lang='grc'><em>·</em></span> 
     </span>
    </p>
   </div>
   <div class='ocr_carea' id='block_1_4' title="bbox 0 0 1490 5002">
    <p class='ocr_par' dir='ltr' id='par_1_8' title="bbox 0 0 1490 5002">
     <span class='ocr_line' id='line_1_22' title="bbox 0 0 1490 5002; baseline 0 8"><span class='ocrx_word' id='word_1_183' title='bbox 0 0 1490 5002; x_wconf 95' lang='lat' dir='ltr'> </span> 
     </span>
    </p>
   </div>
  </div>
 </body>
</html>
