2970 5002
233 305 293 371 208

233 470 336 536 nuper
348 451 493 534 exposito
515 448 724 532 interpretari.
740 448 853 515 Dicunt
863 450 992 534 quidam
1005 451 1084 519 illud
1096 448 1193 521 simui
1206 452 1452 534 intelligendum

233 579 303 625 esse
322 578 419 642 oeque
441 566 498 622 aut
514 560 652 641 puriter,
666 577 768 640 neque
783 562 823 624 ad
837 569 961 642 tempus
976 562 1097 625 referri.
1126 563 1242 627 Verum
1259 612 1269 646 ‚
1285 571 1321 628 ut
1336 563 1451 627 adver-

233 674 270 733 tit
297 670 380 732 idem
400 669 542 749 suarius,
565 668 643 731 illud
668 667 763 730 simut
783 671 955 750 respondet
978 671 1123 751 sequenti
1145 680 1176 735 et
1204 671 1326 748 deiude,
1354 671 1448 753 eique

232 783 418 862 opponitur.
440 780 582 841 lamvero
603 778 789 842 adverbium
811 779 920 843 deinde
935 780 1087 860 particula
1103 782 1255 862 temporis
1276 788 1363 851 certe
1386 791 1444 860 est;

230 900 350 971 ergoet
377 892 439 954 alia
462 889 617 971 particula
637 887 743 963 sienni,
766 905 832 951 non
851 889 1007 952 creatoris
1030 889 1146 967 solum,
1162 891 1217 954 sed
1241 890 1337 953 etiam
1363 898 1446 955 tem·

229 1003 317 1082 poris
338 1000 533 1064 identitatem
545 999 606 1061 hoc
620 997 690 1060 loco
700 1003 939 1062 commonstrat.
955 998 1120 1061 Praeterea
1132 998 1245 1077 Angeli
1260 999 1358 1062 creati
1372 1007 1447 1063 suut

227 1109 267 1170 nh
280 1107 373 1171 initio
388 1104 535 1187 temporis
546 1105 727 1186 pariterque
746 1103 786 1166 od
801 1103 892 1168 initio
905 1105 1054 1187 temporis
1065 1104 1103 1168 de
1127 1104 1225 1168 nihilo
1244 1105 1371 1168 condito
1400 1113 1445 1169 est

228 1213 404 1295 corporolia
417 1210 648 1294 sculmuodcno
668 1219 835 1276 creatura:
851 1211 945 1290 igitur
970 1228 1121 1292 magnum
1142 1213 1272 1294 aliquod
1294 1211 1447 1294 temporis

225 1325 426 1388 interuallum
449 1326 531 1387 inter
550 1332 716 1402 utramque
742 1321 934 1385 creationem
946 1339 1010 1387 non
1034 1312 1221 1386 intercessit.
1245 1322 1444 1404 Quamquam

226 1440 333 1494 autern
347 1430 492 1494 Pontifex
505 1436 537 1492 et
555 1429 729 1492 Concilium
744 1445 808 1491 non
823 1429 973 1491 deliniant
987 1429 1148 1509 quomodo
1173 1429 1334 1492 Geneseos
1349 1446 1444 1492 exor-

225 1543 313 1605 dium
326 1541 367 1604 sit
381 1538 633 1618 intelligendum
650 1546 754 1602 tamen
766 1537 821 1616 qui
841 1537 928 1600 illam
943 1537 1163 1619 proponebant
1178 1537 1365 1614 formulam,
1377 1552 1441 1599 cer·

226 1661 258 1711 te
278 1650 380 1730 prima
395 1647 490 1713 hlosis
505 1646 602 1710 verba
619 1664 695 1728 prae
710 1646 811 1710 oculis
829 1645 1003 1732 habehant:
1032 1646 1150 1708 etenim
1172 1646 1344 1708 verborum
1373 1645 1440 1708 illo·

224 1777 296 1822 rum
313 1759 404 1840 quasi
423 1757 578 1840 quaedam
610 1756 810 1838 paraphrasis
844 1755 912 1836 ipsa
942 1756 1172 1837 turmulatesse
1203 1755 1341 1818 videtur.
1366 1753 1440 1816 Vide

222 1884 317 1948 quam
333 1858 554 1948 apte'tutraque
567 1866 627 1934 sibi
641 1867 863 1948 respondeant.
877 1865 917 1931 In
927 1866 1097 1949 principio:
1122 1864 1278 1929 Ad‘initr'o
1294 1852 1440 1946 temporis

224 2010 263 2023 -
277 1976 487 2039 monnicam
511 1975 716 2055 omnipotenti
740 1978 861 2040 virtute
872 1976 967 2040 simul
980 1977 1016 2038 de
1031 1975 1129 2038 nihilo
1140 1973 1280 2038 condidit
1298 2006 1337 2020 -
1350 1966 1440 2036 Deos}

220 2087 308 2149 Deus
321 2091 447 2148 creator
459 2084 595 2147 omnium
619 2083 794 2147 visibilium
814 2092 844 2149 et
854 2084 1074 2164 invisibilium,
1096 2081 1316 2164 spiritualium
1329 2089 1359 2144 ct
1375 2099 1438 2144 eor·

220 2193 387 2272 puralium.
402 2224 441 2240 -
457 2191 585 2257 doctum
609 2200 637 2256 et
663 2199 803 2256 terrm:
835 2201 1000 2275 utromque
1025 2175 1203 2256 creaturum
1237 2190 1438 2270 spirituatem

222 2309 252 2364 et
277 2298 482 2381 corporalem,
509 2298 682 2380 oupeiicom
703 2299 850 2364 videlicet
874 2308 904 2363 et
918 2300 1114 2365 mundonem.

220 2441 227 2449 ·
274 2409 374 2471 Huius
395 2409 425 2470 vi
443 2409 583 2485 canonis,
600 2407 708 2470 docuit
734 2407 918 2472 Franciscus
934 2409 978 2472 De
991 2409 1161 2490 silvestris,
1176 2410 1391 2479 Ferrarieusis
1411 2416 1434 2494 ¹,

220 2517 302 2580 hauc
315 2515 412 2579 modo
423 2515 599 2578 doctrinam
614 2515 654 2577 ad
666 2514 760 2577 iidem
775 2516 942 2596 pertinere,
960 2519 1033 2597 quia
1062 2526 1110 2580 est
1126 2518 1166 2581 ab
1191 2518 1334 2584 Ecclesia
1356 2525 1432 2586 deli·

219 2627 297 2689 nita.
318 2625 379 2688 Sed
400 2623 461 2687 hoo
481 2629 531 2687 est
552 2622 686 2689 nimium
709 2624 801 2703 veile,
824 2643 921 2705 nam,
943 2643 1024 2708 quae
1044 2626 1146 2690 Suarii
1180 2632 1340 2693 sententia
1372 2641 1432 2694 est:

222 2759 238 2794 a
259 2735 435 2798 Concilium
456 2751 521 2799 non
541 2752 582 2796 ex
603 2735 747 2798 instituto
768 2736 807 2798 ad
820 2736 850 2798 id
863 2735 1091 2814 deliniendum,
1115 2738 1170 2801 sed
1186 2738 1290 2802 obiter
1302 2749 1335 2803 et
1349 2741 1434 2823 quasi

219 2867 237 2908 u
259 2846 345 2909 aliud
376 2863 484 2925 agens,
506 2845 538 2907 id
561 2843 650 2907 dixit.
672 2844 742 2908 Non
763 2845 848 2908 enim
871 2845 902 2907 in
925 2863 963 2909 eo
984 2847 1086 2927 capite
1117 2849 1301 2913 intendebat
1323 2852 1432 2914 Conci-

214 2977 240 3017 u
266 2957 343 3018 lium
364 2972 445 3018 noua
474 2955 621 3032 dogmata
647 2953 788 3031 definire,
812 2956 867 3017 scd
891 2957 1017 3038 antiqua
1042 2958 1194 3039 profiteri,
1228 2969 1261 3023 et
1291 2961 1336 3023 ita
1355 2960 1430 3023 illud

220 3064 409 3143 «explicuit
432 3064 468 3125 D.
491 3063 626 3126 Thomas
649 3062 680 3124 in
701 3063 817 3143 Opusc.
841 3058 960 3139 xxllt,'
974 3064 1027 3125 uhi
1048 3065 1245 3128 Decretalcm
1268 3067 1357 3132 illam
1371 3087 1430 3130 cx·

218 3194 236 3235 c
260 3171 375 3254 posuit,
399 3177 430 3232 et
452 3170 493 3231 ita
516 3169 610 3232 etiam
631 3176 679 3231 est
699 3167 860 3230 communi
896 3185 991 3232 sensu
1012 3168 1171 3231 Ecclesiae
1205 3180 1372 3252 receptum
1399 3194 1432 3235 a.

219 3281 338 3344 Revera
359 3279 508 3360 Aquinati
528 3277 559 3340 in
579 3277 709 3340 Summa
730 3275 957 3358 1prooaottior
971 3285 1020 3338 cst
1041 3278 1117 3340 hacc
1138 3279 1305 3356 sententia,
1336 3282 1429 3343 immo

216 3388 410 3450 contrariam
448 3389 515 3469 ipse
544 3386 667 3448 videtur
704 3386 845 3449 iudicare
880 3385 1136 3468 improbabilem.
1169 3389 1267 3452 Addit
1305 3395 1429 3454 tamen:

221 3518 237 3554 a
260 3497 407 3569 Quamvis
427 3496 620 3560 contrarium
643 3498 771 3558 nonsit
794 3498 1005 3578 reputandum
1028 3515 1236 3579 errroneunr,
1260 3500 1429 3581 praecipue

214 3623 234 3666 u
260 3614 389 3684 propter
412 3602 601 3665 sententiam
622 3583 761 3680 Gregorii
784 3604 979 3682 Nazianzeni,
1015 3605 1106 3670 cuius
1132 3614 1216 3669 tanta
1238 3614 1291 3670 est
1315 3607 1346 3671 iu
1368 3607 1428 3670 Do-

216 3716 349 3776 uetriua
370 3711 543 3776 Christiana
564 3714 746 3790 auotoritas,
768 3720 803 3775 ut
825 3714 932 3778 nullus
956 3732 1108 3798 umquam
1130 3717 1199 3805 eius
1220 3716 1317 3778 dictis
1342 3717 1428 3780 calu·

217 3841 235 3882 c
260 3824 380 3885 mnium
402 3822 516 3885 inferre
537 3821 795 3902 praesumpserit,
830 3823 913 3886 sicut
933 3841 992 3886 nec
1011 3825 1174 3889 Athanasii
1209 3824 1431 3901 documentis,

215 3951 234 3992 c
256 3941 291 3993 ut
315 3932 523 4012 Hieronymus
545 3931 633 3995 dicit.
657 3951 676 3992 »
700 3933 777 3996 Hinc
797 3931 907 4014 aliqui,
929 3940 965 3996 ut
986 3933 1140 4015 Vasquius
1161 3933 1366 4016 etPetauius,
1382 3950 1434 3995 ne·

213 4046 300 4118 gant,
316 4041 473 4116 integrum
488 4059 556 4104 esse
571 4042 615 4104 illl
630 4043 801 4105 sententiae
822 4049 929 4107 notam
943 4044 1083 4126 aliquam
1106 4028 1241 4109 inurere:
1261 4042 1360 4109 immo
1377 4044 1431 4108 Pe·

250 4290 265 4338 1
285 4288 387 4339 comm.
407 4292 437 4341 in
457 4289 487 4341 L.
508 4289 544 4340 li.
557 4297 648 4341 contro
670 4292 749 4355 Geni.
764 4293 792 4345 G.
811 4291 855 4343 8³.
875 4291 902 4344 iu
922 4289 984 4346 line.

248 4384 306 4439 21.
326 4390 353 4438 P·
377 4401 404 4454 q.
424 4391 489 4442 Llll.
510 4395 560 4441 art.
581 4389 607 4440 3.
