2970 5002
130 436 224 500 etiam
246 435 287 497 sit
309 428 479 512 possibilis;
506 427 578 508 quia
593 434 792 506 n'ecpossum
806 420 949 487 necvolo
970 421 1015 485 rei
1036 417 1255 500 impossibilis
1279 435 1355 499 pos⁴

127 544 314 607 sibilitatem
328 538 503 601 admittere.
519 535 637 598 Verum
648 534 701 614 qui
723 534 805 595 hanc
824 530 1066 612 repugnantiam
1087 528 1183 590 seriei
1209 526 1355 588 infinitae

130 668 198 715 non·
215 648 364 726 fatentur,
389 643 580 727 (cuiusmodi
601 651 676 705 sunt
698 642 752 722 qui
776 641 931 703 mundum
956 643 1081 718 ponunt
1100 642 1257 697 aeterum
1282 651 1355 698 cunr

131 755 280 833 ideotogo
301 753 388 835 hoc),
401 770 464 816 ooo
479 749 739 830 videoquomodo
754 747 968 811 definitionem
983 746 1082 824 illam,
1098 751 1276 823 tamquam
1295 757 1358 802 rem

129 873 188 942 per
207 879 241 923 se
262 867 381 935 notam,
397 864 588 938 supponant.
602 856 711 918 Posset
725 856 809 916 enim
821 855 892 934 quis
906 852 1110 932 respondere,
1123 856 1280 911 creatum
1293 863 1359 908 esse
1395 886 1397 905 2

128 969 282 1050 quidquid
306 967 346 1030 ab
375 965 438 1029 alio
462 983 503 1027 ex
516 969 584 1028 toto
602 962 798 1043 producitur,
812 962 881 1023 sinc
893 959 1050 1023 adiutorio
1064 958 1200 1020 alterins
1227 969 1358 1017 caussae

132 1085 189 1138 aut
209 1076 369 1138 efficientis
395 1080 451 1137 aut
473 1072 644 1135 materialis
660 1078 723 1134 aut
736 1069 996 1132 instrumentalis:
1012 1066 1045 1128 id
1056 1073 1168 1129 autem
1184 1071 1356 1126 aeternum

133 1206 204 1252 esse
215 1204 320 1268 posse;
334 1188 380 1251 uti
395 1187 586 1267 productum
600 1194 632 1248 et
645 1185 735 1266 quasi
749 1185 789 1247 ab
804 1190 933 1246 aeterno
954 1188 1097 1244 creatum
1111 1176 1294 1254 vestigium
1308 1191 1355 1234 es-

103 1321 105 1327 s
130 1303 181 1358 set
195 1295 415 1375 pedisaeterni
440 1276 631 1368 ab'aetcrno
653 1309 751 1372 super
763 1307 893 1355 arenam
915 1289 1089 1353 nullatum
1105 1285 1227 1350 stantis
1249 1289 1281 1344 1.
1304 1280 1356 1344 le·

133 1418 205 1462 rum
221 1401 298 1462 haec
311 1402 408 1462 missa
428 1399 589 1462 iaciamus.

177 1507 368 1588 Respondeo
379 1506 484 1585 igitur:
495 1515 651 1588 repugnat
662 1506 840 1588 suppositio
854 1506 994 1587 plurium
1008 1501 1203 1570 instantium
1215 1522 1278 1568 seu
1292 1520 1354 1567 mo

33 1603 40 1616 ⁴
134 1621 316 1678 mentorum
337 1616 369 1677 in
391 1615 595 1691 aeternitate,
630 1617 704 1695 quia
725 1622 881 1694 repugnat
901 1616 998 1676 series
1018 1614 1140 1675 infinite
1166 1592 1355 1694 quac-pos-

133 1721 234 1783 sibilis
256 1723 434 1784 necessario
455 1723 591 1796 esset‚·si
607 1723 637 1783 in
653 1722 838 1785 aeternitate
851 1729 1014 1784 momenta
1035 1713 1227 1782 existerent:
1247 1725 1355 1781 essent

135 1831 220 1890 enirn
243 1828 320 1892 haec
340 1846 474 1892 numero
499 1829 629 1905 infinita,
646 1837 677 1891 et
697 1829 730 1890 in
752 1845 943 1909 unoquoquo
964 1846 1003 1890 ex
1024 1827 1072 1889 his
1094 1827 1277 1891 momentis
1298 1825 1356 1888 ali-

133 1934 210 2014 quid
231 1936 415 2012 contingens
436 1931 543 2014 posset
563 1934 642 2013 fieri,
659 1936 705 1996 vel
721 1935 972 2012 contingentium
994 1935 1075 1997 actio
1089 1933 1140 1995 vel
1164 1935 1280 2013 passio
1293 1931 1352 1994 ali·

133 2059 206 2122 qua:
231 2042 373 2118 neganda
394 2051 443 2104 est
463 2059 539 2120 ergo
553 2043 731 2122 suppositio
755 2042 808 2104 cui
821 2042 1050 2104 demonstratio
1067 2025 1233 2117 inuititur,
1258 2051 1291 2102 et
1305 2041 1358 2100 ba·

133 2149 178 2211 sis
200 2150 262 2211 ruit
286 2151 336 2211 cui
351 2129 409 2211 'illa
430 2149 761 2231 superaedificabatur.
784 2148 892 2212 Donec
915 2147 1142 2226 contingentia,
1167 2149 1188 2210 i.
1207 2166 1243 2210 e.
1269 2164 1357 2210 crea·

134 2266 235 2335 turae,
258 2273 322 2320 non
343 2256 482 2337 luerunt,
507 2273 546 2318 nc
571 2265 695 2337 tempus
719 2257 848 2337 quidem
871 2256 942 2333 fuit,
965 2272 1022 2316 nec
1044 2257 1134 2335 plura
1165 2257 1263 2319 luere
1285 2274 1353 2319 mo·

133 2371 251 2440 menta,
271 2381 352 2443 quae
367 2364 467 2427 lluens
489 2370 615 2443 tempus
631 2364 793 2442 supponit
808 2363 862 2425 Ait
882 2362 1002 2437 Itaube,
1018 2362 1095 2424 haec
1109 2380 1183 2425 esse
1199 2364 1354 2445 mysteria

133 2489 212 2550 quae
233 2470 369 2549 intelttpi
389 2487 450 2531 aaa
469 2477 611 2548 possent,
629 2486 766 2548 quorum
787 2470 889 2533 ideam
906 2485 1000 2532 nemo
1012 2469 1132 2546 habuit,
1150 2480 1211 2534 aut
1226 2481 1279 2534 est
1294 2490 1351 2534 uu·

136 2593 234 2656 quam
251 2576 428 2664 habiturus.
444 2576 524 2648 tlutd
539 2576 628 2638 indat
641 2575 808 2655 Nequeunt
821 2576 971 2638 mortales
985 2575 1083 2638 multa
1098 2579 1278 2655 cogitando
1294 2595 1350 2641 uon

133 2685 273 2746 invenire
296 2685 454 2762 mysteria:
479 2681 688 2760 Intelligentis
709 2689 845 2758 est,non
868 2700 887 2744 a
908 2685 1064 2762 mysteriis
1087 2685 1283 2764 abhorrere,
1301 2686 1350 2748 sed
1376 2755 1379 2761 ,

131 2790 193 2851 sibi
215 2806 323 2850 cavere
345 2808 385 2851 ne
407 2790 438 2851 in
459 2789 595 2854 absurda
617 2788 753 2851 labatur.
776 2790 892 2854 Fateor·
911 2790 988 2854 haec
1016 2791 1055 2852 ab
1077 2790 1225 2856 humana
1250 2802 1366 2865 mente,

128 2910 197 2956 nou
211 2895 286 2957 satis
300 2894 534 2975 comprehendi:
551 2902 703 2974 attamen,
716 2897 865 2976 quoniam
877 2898 917 2966 ed
932 2898 1021 2975 haec,
1036 2898 1159 2960 ratione
1175 2879 1256 2981 ipse
1265 2901 1353 2974 duco,

132 3003 343 3080 pervenimus,
367 3004 506 3082 aliquam
529 3003 569 3063 de
590 3003 639 3064 his
661 3003 763 3092 ideam
784 3003 960 3067 habeamus
981 3020 1109 3066 necesse
1123 3013 1185 3067 est.
1211 3007 1251 3069 ln
1276 3022 1354 3088 qno·

130 3126 270 3188 ,cumque
294 3116 462 3188 systemata
484 3127 675 3190 quamquam
695 3113 862 3175 aeternitas
878 3130 941 3174 non
956 3111 1044 3172 valde
1066 3111 1286 3190 intelligibilis
1301 3130 1351 3174 no·

75 3219 85 3237 '
132 3216 193 3292 bis,
218 3217 318 3278 multo
339 3233 414 3279 vero
426 3218 531 3298 minus
542 3217 837 3296 comprehensibilis
852 3218 902 3295 sit,
916 3219 1032 3297 aliquid
1047 3225 1151 3281 tamen
1169 3228 1221 3285 est
1237 3223 1351 3285 admit·

133 3320 449 3399 tendumaeternum;
466 3330 498 3382 et
511 3324 661 3401 quoniam
674 3324 927 3386 demonstratum
939 3331 1004 3402 est,
1020 3325 1146 3386 nultum
1162 3326 1196 3388 ln
1212 3330 1355 3391 aeterni·

134 3435 198 3504 tata
226 3435 350 3506 tempus
371 3445 440 3488 esse
461 3430 610 3510 nullaque
632 3430 693 3493 sibi
716 3431 916 3492 succedentia
936 3437 1116 3507 momenta,
1154 3433 1218 3496 ista
1243 3442 1354 3518 utique

134 3533 202 3591 sine
215 3535 382 3597 momentis
403 3535 597 3597 admittenda
613 3544 687 3598 esta
710 3536 1105 3612 nobisaeternitas.[)aube
1120 3542 1225 3603 credit
1241 3545 1286 3606 ab
1302 3545 1350 3606 his

134 3657 204 3702 sose
227 3641 385 3720 praeclara
400 3643 597 3724 extricatum,
610 3661 711 3725 quum
725 3643 774 3706 his
788 3645 927 3720 vocibus,
940 3645 1073 3721 instans,
1084 3658 1284 3714 momentum
1299 3669 1355 3716 vos

168 3811 183 3858 t
203 3809 329 3862 Nonnulli
344 3784 492 3866 cum'scoto
511 3813 559 3875 (ln
574 3808 893 3877 ll.Sentent.dist.1.q.tl)
913 3817 1029 3875 tenuero,
1043 3811 1070 3864 ln
1081 3810 1175 3879 phrasi
1194 3816 1246 3870 illa
1269 3831 1359 3874 meare

137 3916 171 3953 aa
187 3901 285 3963 nitito,
305 3894 463 3972 particulam
481 3924 516 3961 ea
532 3906 683 3973 significare
695 3905 901 3958 antecessionem
913 3919 963 3957 non
978 3905 1115 3959 duratione
1134 3909 1183 3960 sed
1202 3919 1316 3978 natura,
1332 3924 1358 3967 ct

137 4000 258 4066 potuisse
276 4001 393 4069 aliquam
412 4011 560 4056 creaturam
587 4003 621 4054 ab
642 4008 750 4054 aeterno
768 4001 862 4054 creari.
880 4003 973 4052 Verius
990 4017 1012 4053 s.
1031 4007 1220 4058 Beneventum
1247 4013 1304 4073 (ln
1324 4013 1359 4062 tl.

131 4097 198 4149 dist.
216 4098 243 4150 2.
258 4113 297 4150 ar.
310 4101 355 4152 tlt.
375 4114 402 4165 q.
421 4099 468 4162 2.)
487 4099 622 4163 docuerat,
634 4097 681 4151 illa
700 4097 830 4165 partloula
841 4113 876 4152 ee
893 4097 1021 4151 declarari
1031 4100 1162 4154 creationi
1174 4109 1362 4171 congenitum

133 4206 192 4244 essa
210 4201 236 4244 et
248 4196 377 4254 nativum,
397 4200 429 4246 ut
440 4194 552 4247 nihilum
564 4194 708 4249 duratione
725 4202 871 4250 creaturam
889 4193 1036 4260 praecedat:
1054 4197 1125 4252 unde
1143 4201 1287 4273 sequitur,
1307 4221 1365 4261 rom

87 4364 89 4369 Α
133 4286 234 4342 nullam
253 4290 337 4342 creari
356 4290 515 4344 abaelardo
533 4289 664 4356 potuisse.
