<?xml version="1.0" encoding="UTF-8"?>
<!DOCTYPE html PUBLIC "-//W3C//DTD XHTML 1.0 Transitional//EN"
    "http://www.w3.org/TR/xhtml1/DTD/xhtml1-transitional.dtd">
<html xmlns="http://www.w3.org/1999/xhtml" xml:lang="en" lang="en">
 <head>
  <title>
</title>
<meta http-equiv="Content-Type" content="text/html;charset=utf-8" />
  <meta name='ocr-system' content='tesseract 3.04.00' />
  <meta name='ocr-capabilities' content='ocr_page ocr_carea ocr_par ocr_line ocrx_word'/>
</head>
<body>
  <div class='ocr_page' id='page_1' title='image "./inhistoriamcrea00piangoog_0193.png"; bbox 0 0 2970 5002; ppageno 0'>
   <div class='ocr_carea' id='block_1_1' title="bbox 134 311 193 374">
    <p class='ocr_par' dir='ltr' id='par_1_1' title="bbox 134 311 193 374">
     <span class='ocr_line' id='line_1_1' title="bbox 134 311 193 374; baseline 0.051 -3"><span class='ocrx_word' id='word_1_1' title='bbox 134 311 193 374; x_wconf 80' lang='lat'>188</span> 
     </span>
    </p>
   </div>
   <div class='ocr_carea' id='block_1_2' title="bbox 50 427 1351 3660">
    <p class='ocr_par' dir='ltr' id='par_1_2' title="bbox 50 427 1351 3660">
     <span class='ocr_line' id='line_1_2' title="bbox 131 427 1351 521; baseline -0.004 -22"><span class='ocrx_word' id='word_1_2' title='bbox 131 444 236 521; x_wconf 80' lang='lat' dir='ltr'>gimus</span> <span class='ocrx_word' id='word_1_3' title='bbox 258 442 298 504; x_wconf 87' lang='lat' dir='ltr'>dn</span> <span class='ocrx_word' id='word_1_4' title='bbox 318 439 419 502; x_wconf 88' lang='lat' dir='ltr'>brutis</span> <span class='ocrx_word' id='word_1_5' title='bbox 440 435 570 517; x_wconf 88' lang='lat' dir='ltr'>proprio</span> <span class='ocrx_word' id='word_1_6' title='bbox 591 434 720 498; x_wconf 85' lang='lat' dir='ltr'>nornine</span> <span class='ocrx_word' id='word_1_7' title='bbox 740 432 918 514; x_wconf 87' lang='lat' dir='ltr'>appellatis,</span> <span class='ocrx_word' id='word_1_8' title='bbox 939 433 1022 496; x_wconf 87' lang='lat' dir='ltr'>ultra</span> <span class='ocrx_word' id='word_1_9' title='bbox 1037 434 1120 495; x_wconf 87' lang='lat' dir='ltr'>diem</span> <span class='ocrx_word' id='word_1_10' title='bbox 1144 439 1271 497; x_wconf 86' lang='lat' dir='ltr'>sextum</span> <span class='ocrx_word' id='word_1_11' title='bbox 1286 427 1351 495; x_wconf 87' lang='lat' dir='ltr'>dil-&#39;</span> 
     </span>
     <span class='ocr_line' id='line_1_3' title="bbox 134 541 1340 631; baseline -0.007 -19"><span class='ocrx_word' id='word_1_12' title='bbox 134 552 210 612; x_wconf 81' lang='lat' dir='ltr'>ferri</span> <span class='ocrx_word' id='word_1_13' title='bbox 231 554 386 631; x_wconf 87' lang='lat' dir='ltr'>possunt:</span> <span class='ocrx_word' id='word_1_14' title='bbox 415 563 487 607; x_wconf 90' lang='lat' dir='ltr'>nam</span> <span class='ocrx_word' id='word_1_15' title='bbox 510 544 734 606; x_wconf 84' lang='lat' dir='ltr'>formationem</span> <span class='ocrx_word' id='word_1_16' title='bbox 755 542 898 602; x_wconf 89' lang='lat' dir='ltr'>mulieris</span> <span class='ocrx_word' id='word_1_17' title='bbox 921 541 976 601; x_wconf 87' lang='lat' dir='ltr'>illa</span> <span class='ocrx_word' id='word_1_18' title='bbox 1000 543 1165 602; x_wconf 88' lang='lat' dir='ltr'><strong>nominum</strong></span> <span class='ocrx_word' id='word_1_19' title='bbox 1186 541 1340 619; x_wconf 73' lang='lat' dir='ltr'>impositio</span> 
     </span>
     <span class='ocr_line' id='line_1_4' title="bbox 134 646 1342 741; baseline -0.008 -22"><span class='ocrx_word' id='word_1_20' title='bbox 134 657 314 736; x_wconf 78' lang='lat' dir='ltr'>praecessit.</span> <span class='ocrx_word' id='word_1_21' title='bbox 339 653 417 716; x_wconf 87' lang='lat' dir='ltr'>Cum</span> <span class='ocrx_word' id='word_1_22' title='bbox 439 655 523 714; x_wconf 91' lang='lat' dir='ltr'>enim</span> <span class='ocrx_word' id='word_1_23' title='bbox 548 649 761 730; x_wconf 87' lang='lat' dir='ltr'>procreandae</span> <span class='ocrx_word' id='word_1_24' title='bbox 782 647 1090 710; x_wconf 82' lang='lat' dir='ltr'>sobolieonsortam</span> <span class='ocrx_word' id='word_1_25' title='bbox 1112 655 1144 741; x_wconf 81' lang='lat' dir='ltr'>et</span> <span class='ocrx_word' id='word_1_26' title='bbox 1165 646 1342 709; x_wconf 89' lang='lat' dir='ltr'>adiutricem</span> 
     </span>
     <span class='ocr_line' id='line_1_5' title="bbox 134 755 1342 838; baseline -0.008 -11"><span class='ocrx_word' id='word_1_27' title='bbox 134 766 300 827; x_wconf 87' lang='lat' dir='ltr'>mulierem</span> <span class='ocrx_word' id='word_1_28' title='bbox 326 760 518 824; x_wconf 69' lang='lat' dir='ltr'>[tenendae</span> <span class='ocrx_word' id='word_1_29' title='bbox 539 759 747 838; x_wconf 76' lang='lat' dir='ltr'>destinasset,</span> <span class='ocrx_word' id='word_1_30' title='bbox 768 764 804 824; x_wconf 88' lang='lat' dir='ltr'>nt</span> <span class='ocrx_word' id='word_1_31' title='bbox 824 757 894 836; x_wconf 87' lang='lat' dir='ltr'>ipse</span> <span class='ocrx_word' id='word_1_32' title='bbox 918 755 1012 817; x_wconf 91' lang='lat' dir='ltr'>buius</span> <span class='ocrx_word' id='word_1_33' title='bbox 1034 755 1189 818; x_wconf 85' lang='lat' dir='ltr'>adiuterii</span> <span class='ocrx_word' id='word_1_34' title='bbox 1213 758 1342 818; x_wconf 88' lang='lat' dir='ltr'>necessi·</span> 
     </span>
     <span class='ocr_line' id='line_1_6' title="bbox 146 866 1343 949; baseline -0.007 -15"><span class='ocrx_word' id='word_1_35' title='bbox 146 879 242 934; x_wconf 91' lang='lat' dir='ltr'>tatem</span> <span class='ocrx_word' id='word_1_36' title='bbox 266 871 455 949; x_wconf 82' lang='lat' dir='ltr'>intelligeret</span> <span class='ocrx_word' id='word_1_37' title='bbox 474 876 507 932; x_wconf 91' lang='lat' dir='ltr'>et</span> <span class='ocrx_word' id='word_1_38' title='bbox 527 877 690 932; x_wconf 78' lang='lat' dir='ltr'>creaturae</span> <span class='ocrx_word' id='word_1_39' title='bbox 711 867 772 931; x_wconf 87' lang='lat' dir='ltr'>sibi</span> <span class='ocrx_word' id='word_1_40' title='bbox 788 866 905 928; x_wconf 91' lang='lat' dir='ltr'>similis</span> <span class='ocrx_word' id='word_1_41' title='bbox 928 866 1111 927; x_wconf 89' lang='lat' dir='ltr'>societatem</span> <span class='ocrx_word' id='word_1_42' title='bbox 1135 871 1270 943; x_wconf 87' lang='lat' dir='ltr'>optaret,</span> <span class='ocrx_word' id='word_1_43' title='bbox 1294 881 1343 926; x_wconf 87' lang='lat' dir='ltr'>ro·</span> 
     </span>
     <span class='ocr_line' id='line_1_7' title="bbox 140 951 1351 1064; baseline -0.008 -24"><span class='ocrx_word' id='word_1_44' title='bbox 140 980 200 1040; x_wconf 91' lang='lat' dir='ltr'>luit</span> <span class='ocrx_word' id='word_1_45' title='bbox 222 978 317 1057; x_wconf 90' lang='lat' dir='ltr'>Dens,</span> <span class='ocrx_word' id='word_1_46' title='bbox 336 951 562 1040; x_wconf 80' lang='lat' dir='ltr'>utanimantia</span> <span class='ocrx_word' id='word_1_47' title='bbox 584 981 887 1064; x_wconf 20' lang='lat' dir='ltr'>recenserat-eaque</span> <span class='ocrx_word' id='word_1_48' title='bbox 902 972 1046 1052; x_wconf 85' lang='lat' dir='ltr'>¹propriis</span> <span class='ocrx_word' id='word_1_49' title='bbox 1064 971 1241 1051; x_wconf 87' lang='lat' dir='ltr'>appellaret</span> <span class='ocrx_word' id='word_1_50' title='bbox 1263 987 1351 1032; x_wconf 82' lang='lat' dir='ltr'>voca·-</span> 
     </span>
     <span class='ocr_line' id='line_1_8' title="bbox 135 1063 1343 1166; baseline -0.006 -18"><span class='ocrx_word' id='word_1_51' title='bbox 135 1087 230 1148; x_wconf 89' lang='lat' dir='ltr'>bulis.</span> <span class='ocrx_word' id='word_1_52' title='bbox 254 1087 339 1149; x_wconf 89' lang='lat' dir='ltr'>Hanc</span> <span class='ocrx_word' id='word_1_53' title='bbox 360 1088 462 1166; x_wconf 88' lang='lat' dir='ltr'>ipsam</span> <span class='ocrx_word' id='word_1_54' title='bbox 477 1085 575 1147; x_wconf 85' lang='lat' dir='ltr'>luisse</span> <span class='ocrx_word' id='word_1_55' title='bbox 587 1100 730 1147; x_wconf 89' lang='lat' dir='ltr'>caussam</span> <span class='ocrx_word' id='word_1_56' title='bbox 748 1099 808 1145; x_wconf 88' lang='lat' dir='ltr'>cnr</span> <span class='ocrx_word' id='word_1_57' title='bbox 827 1083 869 1145; x_wconf 88' lang='lat' dir='ltr'>ad</span> <span class='ocrx_word' id='word_1_58' title='bbox 882 1082 983 1151; x_wconf 82' lang='lat' dir='ltr'>Adam</span> <span class='ocrx_word' id='word_1_59' title='bbox 998 1063 1123 1141; x_wconf 84' lang='lat' dir='ltr'>terrena</span> <span class='ocrx_word' id='word_1_60' title='bbox 1140 1079 1343 1141; x_wconf 85' lang='lat' dir='ltr'>animantiaet</span> 
     </span>
     <span class='ocr_line' id='line_1_9' title="bbox 137 1188 1339 1272; baseline -0.006 -14"><span class='ocrx_word' id='word_1_61' title='bbox 137 1195 277 1258; x_wconf 88' lang='lat' dir='ltr'>volatilia</span> <span class='ocrx_word' id='word_1_62' title='bbox 299 1195 383 1258; x_wconf 88' lang='lat' dir='ltr'>Deus</span> <span class='ocrx_word' id='word_1_63' title='bbox 406 1195 585 1272; x_wconf 86' lang='lat' dir='ltr'>adduxerit,</span> <span class='ocrx_word' id='word_1_64' title='bbox 610 1195 694 1255; x_wconf 87' lang='lat' dir='ltr'>clare</span> <span class='ocrx_word' id='word_1_65' title='bbox 709 1192 832 1260; x_wconf 63' lang='lat' dir='ltr'>,indicat</span> <span class='ocrx_word' id='word_1_66' title='bbox 852 1191 966 1265; x_wconf 79' lang='lat' dir='ltr'>Moses3</span> <span class='ocrx_word' id='word_1_67' title='bbox 990 1205 1063 1251; x_wconf 90' lang='lat' dir='ltr'>nam</span> <span class='ocrx_word' id='word_1_68' title='bbox 1086 1191 1127 1250; x_wconf 89' lang='lat' dir='ltr'>ita</span> <span class='ocrx_word' id='word_1_69' title='bbox 1150 1188 1288 1250; x_wconf 90' lang='lat' dir='ltr'>subiicit:</span> <span class='ocrx_word' id='word_1_70' title='bbox 1304 1192 1339 1251; x_wconf 75' lang='lat' dir='ltr'>el-</span> 
     </span>
     <span class='ocr_line' id='line_1_10' title="bbox 140 1298 1340 1385; baseline -0.006 -19"><span class='ocrx_word' id='word_1_71' title='bbox 140 1307 197 1366; x_wconf 82' lang='lat' dir='ltr'>dne</span> <span class='ocrx_word' id='word_1_72' title='bbox 219 1323 294 1367; x_wconf 86' lang='lat' dir='ltr'>vero</span> <span class='ocrx_word' id='word_1_73' title='bbox 315 1323 375 1368; x_wconf 89' lang='lat' dir='ltr'>non</span> <span class='ocrx_word' id='word_1_74' title='bbox 396 1302 614 1367; x_wconf 79' lang='lat' dir='ltr'>inveniebatur</span> <span class='ocrx_word' id='word_1_75' title='bbox 633 1302 760 1364; x_wconf 83' lang='lat' dir='ltr'>adiutor</span> <span class='ocrx_word' id='word_1_76' title='bbox 775 1298 891 1364; x_wconf 82' lang='lat' dir='ltr'>similis</span> <span class='ocrx_word' id='word_1_77' title='bbox 906 1298 979 1385; x_wconf 84' lang='lat' dir='ltr'>sibi,</span> <span class='ocrx_word' id='word_1_78' title='bbox 1002 1301 1096 1377; x_wconf 88' lang='lat' dir='ltr'>plane</span> <span class='ocrx_word' id='word_1_79' title='bbox 1117 1300 1203 1364; x_wconf 91' lang='lat' dir='ltr'>acsi</span> <span class='ocrx_word' id='word_1_80' title='bbox 1225 1298 1340 1361; x_wconf 86' lang='lat' dir='ltr'>diceret:</span> 
     </span>
     <span class='ocr_line' id='line_1_11' title="bbox 137 1409 1343 1492; baseline -0.006 -16"><span class='ocrx_word' id='word_1_81' title='bbox 137 1415 216 1476; x_wconf 82' lang='lat' dir='ltr'>Cum</span> <span class='ocrx_word' id='word_1_82' title='bbox 238 1432 333 1477; x_wconf 92' lang='lat' dir='ltr'>suum</span> <span class='ocrx_word' id='word_1_83' title='bbox 355 1414 525 1492; x_wconf 87' lang='lat' dir='ltr'>unicuique</span> <span class='ocrx_word' id='word_1_84' title='bbox 545 1412 754 1473; x_wconf 89' lang='lat' dir='ltr'>animantium</span> <span class='ocrx_word' id='word_1_85' title='bbox 776 1425 970 1488; x_wconf 86' lang='lat' dir='ltr'>comparem,</span> <span class='ocrx_word' id='word_1_86' title='bbox 987 1410 1057 1471; x_wconf 89' lang='lat' dir='ltr'>solo</span> <span class='ocrx_word' id='word_1_87' title='bbox 1079 1426 1157 1470; x_wconf 79' lang='lat' dir='ltr'>sexu</span> <span class='ocrx_word' id='word_1_88' title='bbox 1173 1409 1343 1486; x_wconf 82' lang='lat' dir='ltr'>discrepan-</span> 
     </span>
     <span class='ocr_line' id='line_1_12' title="bbox 138 1517 1341 1607; baseline -0.003 -25"><span class='ocrx_word' id='word_1_89' title='bbox 138 1529 213 1596; x_wconf 89' lang='lat' dir='ltr'>tem,</span> <span class='ocrx_word' id='word_1_90' title='bbox 238 1521 347 1603; x_wconf 88' lang='lat' dir='ltr'>datum</span> <span class='ocrx_word' id='word_1_91' title='bbox 371 1518 650 1607; x_wconf 51' lang='lat' dir='ltr'>videretqnulium</span> <span class='ocrx_word' id='word_1_92' title='bbox 673 1518 704 1578; x_wconf 91' lang='lat' dir='ltr'>in</span> <span class='ocrx_word' id='word_1_93' title='bbox 725 1536 765 1579; x_wconf 92' lang='lat' dir='ltr'>eo</span> <span class='ocrx_word' id='word_1_94' title='bbox 779 1532 913 1580; x_wconf 89' lang='lat' dir='ltr'>numero</span> <span class='ocrx_word' id='word_1_95' title='bbox 935 1517 993 1578; x_wconf 90' lang='lat' dir='ltr'>sibi</span> <span class='ocrx_word' id='word_1_96' title='bbox 1029 1518 1268 1578; x_wconf 85' lang='lat' dir='ltr'>convenientem</span> <span class='ocrx_word' id='word_1_97' title='bbox 1298 1535 1341 1578; x_wconf 90' lang='lat' dir='ltr'>so·</span> 
     </span>
     <span class='ocr_line' id='line_1_13' title="bbox 110 1625 1338 1709; baseline -0.004 -18"><span class='ocrx_word' id='word_1_98' title='bbox 110 1625 114 1632; x_wconf 81' lang='grc'><strong>’</strong></span> <span class='ocrx_word' id='word_1_99' title='bbox 138 1633 222 1692; x_wconf 91' lang='lat' dir='ltr'>cium</span> <span class='ocrx_word' id='word_1_100' title='bbox 244 1630 382 1691; x_wconf 88' lang='lat' dir='ltr'>invenit:</span> <span class='ocrx_word' id='word_1_101' title='bbox 407 1629 493 1708; x_wconf 89' lang='lat' dir='ltr'>quud</span> <span class='ocrx_word' id='word_1_102' title='bbox 516 1628 616 1705; x_wconf 79' lang='lat' dir='ltr'>igitur</span> <span class='ocrx_word' id='word_1_103' title='bbox 636 1628 745 1689; x_wconf 86' lang='lat' dir='ltr'>deerat</span> <span class='ocrx_word' id='word_1_104' title='bbox 767 1626 900 1706; x_wconf 86' lang='lat' dir='ltr'>optavit,</span> <span class='ocrx_word' id='word_1_105' title='bbox 914 1631 978 1688; x_wconf 86' lang='lat' dir='ltr'>ete</span> <span class='ocrx_word' id='word_1_106' title='bbox 993 1626 1059 1688; x_wconf 86' lang='lat' dir='ltr'>Deo</span> <span class='ocrx_word' id='word_1_107' title='bbox 1074 1625 1224 1705; x_wconf 86' lang='lat' dir='ltr'>speravit.</span> <span class='ocrx_word' id='word_1_108' title='bbox 1241 1626 1338 1709; x_wconf 81' lang='lat' dir='ltr'>llocet</span> 
     </span>
     <span class='ocr_line' id='line_1_14' title="bbox 135 1729 1339 1816; baseline -0.004 -16"><span class='ocrx_word' id='word_1_109' title='bbox 135 1740 323 1801; x_wconf 85' lang='lat' dir='ltr'>Ambrosius</span> <span class='ocrx_word' id='word_1_110' title='bbox 336 1745 424 1800; x_wconf 90' lang='lat' dir='ltr'>notat</span> <span class='ocrx_word' id='word_1_111' title='bbox 438 1739 463 1799; x_wconf 91' lang='lat'>¹.</span> <span class='ocrx_word' id='word_1_112' title='bbox 478 1736 586 1801; x_wconf 82' lang='lat' dir='ltr'>Noluit</span> <span class='ocrx_word' id='word_1_113' title='bbox 601 1754 715 1816; x_wconf 91' lang='lat' dir='ltr'>nempe</span> <span class='ocrx_word' id='word_1_114' title='bbox 730 1735 813 1797; x_wconf 88' lang='lat' dir='ltr'>Deus</span> <span class='ocrx_word' id='word_1_115' title='bbox 829 1734 1034 1813; x_wconf 85' lang='lat' dir='ltr'>nescientem,</span> <span class='ocrx_word' id='word_1_116' title='bbox 1050 1736 1197 1816; x_wconf 83' lang='lat' dir='ltr'>adeoque</span> <span class='ocrx_word' id='word_1_117' title='bbox 1224 1729 1339 1797; x_wconf 85' lang='lat' dir='ltr'>minime</span> 
     </span>
     <span class='ocr_line' id='line_1_15' title="bbox 50 1824 1341 1925; baseline 0 -18"><span class='ocrx_word' id='word_1_118' title='bbox 50 1824 52 1829; x_wconf 44' lang='grc'>’</span> <span class='ocrx_word' id='word_1_119' title='bbox 136 1845 382 1925; x_wconf 83' lang='lat' dir='ltr'>desiderantem,</span> <span class='ocrx_word' id='word_1_120' title='bbox 398 1845 546 1924; x_wconf 81' lang='lat' dir='ltr'>coniugio</span> <span class='ocrx_word' id='word_1_121' title='bbox 557 1844 758 1924; x_wconf 79' lang='lat' dir='ltr'>alligara‚sed</span> <span class='ocrx_word' id='word_1_122' title='bbox 775 1843 834 1925; x_wconf 88' lang='lat' dir='ltr'>ipsi</span> <span class='ocrx_word' id='word_1_123' title='bbox 850 1842 972 1923; x_wconf 87' lang='lat' dir='ltr'>optanti</span> <span class='ocrx_word' id='word_1_124' title='bbox 986 1851 1018 1904; x_wconf 86' lang='lat' dir='ltr'>et</span> <span class='ocrx_word' id='word_1_125' title='bbox 1034 1844 1154 1925; x_wconf 88' lang='lat' dir='ltr'>petenti</span> <span class='ocrx_word' id='word_1_126' title='bbox 1170 1845 1290 1907; x_wconf 89' lang='lat' dir='ltr'>sociam</span> <span class='ocrx_word' id='word_1_127' title='bbox 1303 1853 1341 1907; x_wconf 88' lang='lat' dir='ltr'>at·</span> 
     </span>
     <span class='ocr_line' id='line_1_16' title="bbox 132 1951 1283 2032; baseline -0.001 -18"><span class='ocrx_word' id='word_1_128' title='bbox 132 1971 192 2032; x_wconf 87' lang='lat' dir='ltr'>que</span> <span class='ocrx_word' id='word_1_129' title='bbox 206 1951 389 2015; x_wconf 86' lang='lat' dir='ltr'>adiutricem</span> <span class='ocrx_word' id='word_1_130' title='bbox 406 1954 566 2031; x_wconf 88' lang='lat' dir='ltr'>praebere.</span> <span class='ocrx_word' id='word_1_131' title='bbox 1241 2021 1243 2024; x_wconf 10' lang='grc' dir='ltr'><em>Α</em></span> <span class='ocrx_word' id='word_1_132' title='bbox 1279 1964 1283 1969; x_wconf 88' lang='grc'><strong>’</strong></span> 
     </span>
     <span class='ocr_line' id='line_1_17' title="bbox 173 2060 1338 2141; baseline 0.001 -18"><span class='ocrx_word' id='word_1_133' title='bbox 173 2060 317 2124; x_wconf 89' lang='lat' dir='ltr'>LllllVll.</span> <span class='ocrx_word' id='word_1_134' title='bbox 340 2060 389 2123; x_wconf 82' lang='lat' dir='ltr'>Ad</span> <span class='ocrx_word' id='word_1_135' title='bbox 412 2062 489 2122; x_wconf 67' lang='lat' dir='ltr'>‘rinm</span> <span class='ocrx_word' id='word_1_136' title='bbox 504 2060 598 2136; x_wconf 86' lang='lat' dir='ltr'>dico,</span> <span class='ocrx_word' id='word_1_137' title='bbox 622 2060 874 2141; x_wconf 84' lang='lat' dir='ltr'>deaquatilibus</span> <span class='ocrx_word' id='word_1_138' title='bbox 896 2061 1018 2124; x_wconf 88' lang='lat' dir='ltr'>nullam</span> <span class='ocrx_word' id='word_1_139' title='bbox 1039 2062 1162 2124; x_wconf 84' lang='lat' dir='ltr'>esseio</span> <span class='ocrx_word' id='word_1_140' title='bbox 1185 2063 1247 2125; x_wconf 88' lang='lat' dir='ltr'>hoc</span> <span class='ocrx_word' id='word_1_141' title='bbox 1279 2062 1338 2126; x_wconf 90' lang='lat' dir='ltr'>loeo</span> 
     </span>
     <span class='ocr_line' id='line_1_18' title="bbox 133 2169 1341 2252; baseline -0.001 -20"><span class='ocrx_word' id='word_1_142' title='bbox 133 2169 348 2246; x_wconf 89' lang='lat' dir='ltr'>mentionem;</span> <span class='ocrx_word' id='word_1_143' title='bbox 373 2185 431 2230; x_wconf 87' lang='lat' dir='ltr'>uec</span> <span class='ocrx_word' id='word_1_144' title='bbox 451 2170 623 2250; x_wconf 86' lang='lat' dir='ltr'>quidquam</span> <span class='ocrx_word' id='word_1_145' title='bbox 645 2185 715 2231; x_wconf 89' lang='lat' dir='ltr'>esse</span> <span class='ocrx_word' id='word_1_146' title='bbox 734 2186 791 2231; x_wconf 91' lang='lat' dir='ltr'>cur</span> <span class='ocrx_word' id='word_1_147' title='bbox 810 2185 1001 2244; x_wconf 90' lang='lat' dir='ltr'>asseramus,</span> <span class='ocrx_word' id='word_1_148' title='bbox 1018 2170 1119 2232; x_wconf 80' lang='lat' dir='ltr'>Adam</span> <span class='ocrx_word' id='word_1_149' title='bbox 1143 2172 1293 2234; x_wconf 86' lang='lat' dir='ltr'>omnibns</span> <span class='ocrx_word' id='word_1_150' title='bbox 1306 2173 1341 2252; x_wconf 90' lang='lat' dir='ltr'>pi·</span> 
     </span>
     <span class='ocr_line' id='line_1_19' title="bbox 134 2260 1345 2372; baseline 0.002 -34"><span class='ocrx_word' id='word_1_151' title='bbox 134 2278 242 2340; x_wconf 89' lang='lat' dir='ltr'>scibus</span> <span class='ocrx_word' id='word_1_152' title='bbox 265 2285 361 2355; x_wconf 86' lang='lat' dir='ltr'>atqua</span> <span class='ocrx_word' id='word_1_153' title='bbox 381 2278 539 2356; x_wconf 77' lang='lat' dir='ltr'>caenosis,</span> <span class='ocrx_word' id='word_1_154' title='bbox 562 2277 661 2341; x_wconf 92' lang='lat' dir='ltr'>immo</span> <span class='ocrx_word' id='word_1_155' title='bbox 680 2278 732 2338; x_wconf 91' lang='lat' dir='ltr'>vel</span> <span class='ocrx_word' id='word_1_156' title='bbox 747 2260 812 2338; x_wconf 55' lang='lat' dir='ltr'>&#39;uni</span> <span class='ocrx_word' id='word_1_157' title='bbox 832 2292 966 2355; x_wconf 85' lang='lat' dir='ltr'>eorum,</span> <span class='ocrx_word' id='word_1_158' title='bbox 999 2279 1103 2356; x_wconf 91' lang='lat' dir='ltr'>primo</span> <span class='ocrx_word' id='word_1_159' title='bbox 1124 2279 1191 2342; x_wconf 92' lang='lat' dir='ltr'>illo.</span> <span class='ocrx_word' id='word_1_160' title='bbox 1209 2287 1345 2372; x_wconf 76' lang='lat' dir='ltr'>tempore</span> 
     </span>
     <span class='ocr_line' id='line_1_20' title="bbox 134 2384 1340 2466; baseline 0.002 -18"><span class='ocrx_word' id='word_1_161' title='bbox 134 2403 250 2448; x_wconf 90' lang='lat' dir='ltr'>nomen</span> <span class='ocrx_word' id='word_1_162' title='bbox 273 2386 473 2465; x_wconf 86' lang='lat' dir='ltr'>imposuisse.</span> <span class='ocrx_word' id='word_1_163' title='bbox 497 2385 621 2448; x_wconf 88' lang='lat' dir='ltr'>lntioita</span> <span class='ocrx_word' id='word_1_164' title='bbox 642 2404 691 2448; x_wconf 92' lang='lat' dir='ltr'>res</span> <span class='ocrx_word' id='word_1_165' title='bbox 712 2385 844 2463; x_wconf 84' lang='lat' dir='ltr'>fuisset,</span> <span class='ocrx_word' id='word_1_166' title='bbox 880 2388 1065 2466; x_wconf 89' lang='lat' dir='ltr'>praesertim</span> <span class='ocrx_word' id='word_1_167' title='bbox 1098 2388 1123 2450; x_wconf 93' lang='lat' dir='ltr'>si</span> <span class='ocrx_word' id='word_1_168' title='bbox 1146 2384 1340 2452; x_wconf 86' lang='lat' dir='ltr'>includentur</span> 
     </span>
     <span class='ocr_line' id='line_1_21' title="bbox 132 2493 1339 2575; baseline 0.001 -21"><span class='ocrx_word' id='word_1_169' title='bbox 132 2499 269 2554; x_wconf 88' lang='lat' dir='ltr'>testacea</span> <span class='ocrx_word' id='word_1_170' title='bbox 282 2540 290 2571; x_wconf 88' lang='lat'>‚</span> <span class='ocrx_word' id='word_1_171' title='bbox 305 2501 344 2553; x_wconf 58' lang='lat' dir='ltr'>‘et</span> <span class='ocrx_word' id='word_1_172' title='bbox 364 2501 468 2553; x_wconf 89' lang='lat' dir='ltr'>catera</span> <span class='ocrx_word' id='word_1_173' title='bbox 490 2509 586 2570; x_wconf 87' lang='lat' dir='ltr'>parva</span> <span class='ocrx_word' id='word_1_174' title='bbox 606 2493 777 2555; x_wconf 88' lang='lat' dir='ltr'>animantia</span> <span class='ocrx_word' id='word_1_175' title='bbox 799 2511 882 2573; x_wconf 88' lang='lat' dir='ltr'>qnae</span> <span class='ocrx_word' id='word_1_176' title='bbox 895 2497 928 2556; x_wconf 90' lang='lat' dir='ltr'>in</span> <span class='ocrx_word' id='word_1_177' title='bbox 942 2493 1033 2575; x_wconf 90' lang='lat' dir='ltr'>aquis</span> <span class='ocrx_word' id='word_1_178' title='bbox 1048 2493 1179 2573; x_wconf 80' lang='lat' dir='ltr'>degunt.</span> <span class='ocrx_word' id='word_1_179' title='bbox 1196 2497 1339 2574; x_wconf 80' lang='lat' dir='ltr'>Angusti-</span> 
     </span>
     <span class='ocr_line' id='line_1_22' title="bbox 130 2599 1340 2685; baseline 0.002 -22"><span class='ocrx_word' id='word_1_180' title='bbox 130 2617 189 2664; x_wconf 86' lang='lat' dir='ltr'>nus</span> <span class='ocrx_word' id='word_1_181' title='bbox 209 2599 290 2661; x_wconf 62' lang='lat' dir='ltr'>tab</span> <span class='ocrx_word' id='word_1_182' title='bbox 316 2599 370 2660; x_wconf 87' lang='lat' dir='ltr'>illa</span> <span class='ocrx_word' id='word_1_183' title='bbox 393 2599 557 2661; x_wconf 88' lang='lat' dir='ltr'>nominum</span> <span class='ocrx_word' id='word_1_184' title='bbox 579 2600 781 2678; x_wconf 89' lang='lat' dir='ltr'>impositione</span> <span class='ocrx_word' id='word_1_185' title='bbox 796 2603 914 2682; x_wconf 87' lang='lat' dir='ltr'>exeipit</span> <span class='ocrx_word' id='word_1_186' title='bbox 935 2602 1057 2682; x_wconf 82' lang='lat' dir='ltr'>pisces,</span> <span class='ocrx_word' id='word_1_187' title='bbox 1084 2603 1201 2683; x_wconf 89' lang='lat' dir='ltr'>quibus</span> <span class='ocrx_word' id='word_1_188' title='bbox 1225 2606 1340 2685; x_wconf 85' lang='lat' dir='ltr'>paulla-</span> 
     </span>
     <span class='ocr_line' id='line_1_23' title="bbox 135 2709 744 2772; baseline 0 -1"><span class='ocrx_word' id='word_1_189' title='bbox 135 2712 189 2772; x_wconf 92' lang='lat' dir='ltr'>tim</span> <span class='ocrx_word' id='word_1_190' title='bbox 204 2709 303 2771; x_wconf 87' lang='lat' dir='ltr'>indita</span> <span class='ocrx_word' id='word_1_191' title='bbox 327 2709 424 2770; x_wconf 83' lang='lat' dir='ltr'>fuisse</span> <span class='ocrx_word' id='word_1_192' title='bbox 447 2710 574 2769; x_wconf 90' lang='lat' dir='ltr'>nomina</span> <span class='ocrx_word' id='word_1_193' title='bbox 595 2709 696 2770; x_wconf 87' lang='lat' dir='ltr'>credit</span> <span class='ocrx_word' id='word_1_194' title='bbox 717 2712 744 2771; x_wconf 81' lang='lat'>³.</span> 
     </span>
     <span class='ocr_line' id='line_1_24' title="bbox 175 2815 1342 2907; baseline 0.008 -34"><span class='ocrx_word' id='word_1_195' title='bbox 175 2816 292 2877; x_wconf 89' lang='lat' dir='ltr'>Verum</span> <span class='ocrx_word' id='word_1_196' title='bbox 315 2822 502 2876; x_wconf 86' lang='lat' dir='ltr'>tenemurne</span> <span class='ocrx_word' id='word_1_197' title='bbox 523 2815 669 2894; x_wconf 88' lang='lat' dir='ltr'>credere,</span> <span class='ocrx_word' id='word_1_198' title='bbox 694 2818 907 2883; x_wconf 86' lang='lat' dir='ltr'>anirnantibns</span> <span class='ocrx_word' id='word_1_199' title='bbox 928 2820 1077 2882; x_wconf 90' lang='lat' dir='ltr'>omnibus</span> <span class='ocrx_word' id='word_1_200' title='bbox 1099 2823 1282 2907; x_wconf 86' lang='lat' dir='ltr'>volatilibus</span> <span class='ocrx_word' id='word_1_201' title='bbox 1303 2827 1342 2882; x_wconf 89' lang='lat' dir='ltr'>at-</span> 
     </span>
     <span class='ocr_line' id='line_1_25' title="bbox 99 2923 1336 3015; baseline 0.004 -29"><span class='ocrx_word' id='word_1_202' title='bbox 99 2953 102 2958; x_wconf 44' lang='lat'>*</span> <span class='ocrx_word' id='word_1_203' title='bbox 136 2941 199 3004; x_wconf 90' lang='lat' dir='ltr'>que</span> <span class='ocrx_word' id='word_1_204' title='bbox 220 2923 433 3005; x_wconf 85' lang='lat' dir='ltr'>terrestribus,</span> <span class='ocrx_word' id='word_1_205' title='bbox 458 2925 710 3015; x_wconf 86' lang='lat' dir='ltr'>inspeetisantea</span> <span class='ocrx_word' id='word_1_206' title='bbox 731 2928 769 2988; x_wconf 92' lang='lat' dir='ltr'>iis</span> <span class='ocrx_word' id='word_1_207' title='bbox 791 2929 939 2991; x_wconf 88' lang='lat' dir='ltr'>ornnibus</span> <span class='ocrx_word' id='word_1_208' title='bbox 958 2946 995 2991; x_wconf 86' lang='lat' dir='ltr'>ac</span> <span class='ocrx_word' id='word_1_209' title='bbox 1009 2931 1194 3007; x_wconf 82' lang='lat' dir='ltr'>singillatim</span> <span class='ocrx_word' id='word_1_210' title='bbox 1222 2932 1336 3004; x_wconf 91' lang='lat' dir='ltr'>notatis,</span> 
     </span>
     <span class='ocr_line' id='line_1_26' title="bbox 137 3034 1338 3126; baseline 0.002 -28"><span class='ocrx_word' id='word_1_211' title='bbox 137 3044 333 3116; x_wconf 88' lang='lat' dir='ltr'>opportunas</span> <span class='ocrx_word' id='word_1_212' title='bbox 353 3034 580 3113; x_wconf 87' lang='lat' dir='ltr'>appellationes</span> <span class='ocrx_word' id='word_1_213' title='bbox 600 3035 703 3126; x_wconf 21' lang='lat' dir='ltr'>&#39;Adam</span> <span class='ocrx_word' id='word_1_214' title='bbox 724 3036 897 3099; x_wconf 78' lang='lat' dir='ltr'>tribuisset</span> <span class='ocrx_word' id='word_1_215' title='bbox 919 3038 990 3101; x_wconf 89' lang='lat' dir='ltr'>Non</span> <span class='ocrx_word' id='word_1_216' title='bbox 1007 3048 1110 3119; x_wconf 90' lang='lat' dir='ltr'>puto:</span> <span class='ocrx_word' id='word_1_217' title='bbox 1145 3042 1220 3120; x_wconf 90' lang='lat' dir='ltr'>qnia</span> <span class='ocrx_word' id='word_1_218' title='bbox 1244 3045 1281 3102; x_wconf 84' lang='lat' dir='ltr'>iit</span> <span class='ocrx_word' id='word_1_219' title='bbox 1300 3042 1338 3101; x_wconf 90' lang='lat' dir='ltr'>in·</span> 
     </span>
     <span class='ocr_line' id='line_1_27' title="bbox 132 3141 1342 3227; baseline 0.002 -24"><span class='ocrx_word' id='word_1_220' title='bbox 132 3149 290 3222; x_wconf 85' lang='lat' dir='ltr'>terpretes</span> <span class='ocrx_word' id='word_1_221' title='bbox 313 3141 522 3205; x_wconf 86' lang='lat' dir='ltr'>observarunt</span> <span class='ocrx_word' id='word_1_222' title='bbox 541 3142 570 3218; x_wconf 71' lang='lat' dir='ltr'>l,</span> <span class='ocrx_word' id='word_1_223' title='bbox 594 3142 650 3222; x_wconf 62' lang='grc' dir='ltr'>(ἓξ</span> <span class='ocrx_word' id='word_1_224' title='bbox 671 3142 931 3225; x_wconf 59' lang='lat' dir='ltr'>lxtx,1txxll)</span> <span class='ocrx_word' id='word_1_225' title='bbox 956 3163 1072 3221; x_wconf 86' lang='lat' dir='ltr'>omnes,</span> <span class='ocrx_word' id='word_1_226' title='bbox 1088 3148 1206 3227; x_wconf 84' lang='lat' dir='ltr'>cuncti,</span> <span class='ocrx_word' id='word_1_227' title='bbox 1229 3149 1342 3210; x_wconf 86' lang='lat' dir='ltr'>uniuer-</span> 
     </span>
     <span class='ocr_line' id='line_1_28' title="bbox 90 3239 1346 3334; baseline 0.001 -22"><span class='ocrx_word' id='word_1_228' title='bbox 90 3239 93 3244; x_wconf 62' lang='grc'><em>’</em></span> <span class='ocrx_word' id='word_1_229' title='bbox 136 3251 177 3327; x_wconf 82' lang='lat' dir='ltr'>si,</span> <span class='ocrx_word' id='word_1_230' title='bbox 190 3251 360 3332; x_wconf 89' lang='lat' dir='ltr'>aliqnando</span> <span class='ocrx_word' id='word_1_231' title='bbox 381 3250 581 3328; x_wconf 84' lang='lat' dir='ltr'>interpretari</span> <span class='ocrx_word' id='word_1_232' title='bbox 595 3251 712 3311; x_wconf 90' lang='lat' dir='ltr'>debent</span> <span class='ocrx_word' id='word_1_233' title='bbox 726 3251 830 3313; x_wconf 84' lang='lat' dir='ltr'>malti.</span> <span class='ocrx_word' id='word_1_234' title='bbox 846 3253 963 3316; x_wconf 86' lang='lat' dir='ltr'>Recole</span> <span class='ocrx_word' id='word_1_235' title='bbox 979 3254 1009 3334; x_wconf 71' lang='lat'>(5</span> <span class='ocrx_word' id='word_1_236' title='bbox 1025 3255 1143 3334; x_wconf 80' lang='lat' dir='ltr'>txxltt</span> <span class='ocrx_word' id='word_1_237' title='bbox 1159 3273 1178 3315; x_wconf 86' lang='lat' dir='ltr'>a</span> <span class='ocrx_word' id='word_1_238' title='bbox 1195 3275 1220 3317; x_wconf 93' lang='lat' dir='ltr'>s.</span> <span class='ocrx_word' id='word_1_239' title='bbox 1237 3257 1346 3329; x_wconf 35' lang='lat' dir='ltr'>Thema,</span> 
     </span>
     <span class='ocr_line' id='line_1_29' title="bbox 136 3341 1339 3446; baseline 0.002 -26"><span class='ocrx_word' id='word_1_240' title='bbox 136 3358 295 3420; x_wconf 84' lang='lat' dir='ltr'>laudatam</span> <span class='ocrx_word' id='word_1_241' title='bbox 316 3341 454 3435; x_wconf 75' lang='lat' dir='ltr'>glossam</span> <span class='ocrx_word' id='word_1_242' title='bbox 475 3356 577 3417; x_wconf 88' lang='lat' dir='ltr'>Bedae</span> <span class='ocrx_word' id='word_1_243' title='bbox 602 3359 632 3417; x_wconf 91' lang='lat' dir='ltr'>in</span> <span class='ocrx_word' id='word_1_244' title='bbox 653 3352 683 3420; x_wconf 76' lang='lat' dir='ltr'>u.</span> <span class='ocrx_word' id='word_1_245' title='bbox 706 3361 746 3421; x_wconf 83' lang='lat'>30</span> <span class='ocrx_word' id='word_1_246' title='bbox 767 3377 793 3422; x_wconf 92' lang='lat' dir='ltr'>c.</span> <span class='ocrx_word' id='word_1_247' title='bbox 811 3359 858 3435; x_wconf 89' lang='lat' dir='ltr'>l.‚</span> <span class='ocrx_word' id='word_1_248' title='bbox 878 3361 940 3422; x_wconf 82' lang='lat' dir='ltr'>nbi</span> <span class='ocrx_word' id='word_1_249' title='bbox 960 3364 1064 3425; x_wconf 85' lang='lat' dir='ltr'>cuncti</span> <span class='ocrx_word' id='word_1_250' title='bbox 1077 3363 1339 3446; x_wconf 83' lang='lat' dir='ltr'>explicanturqui·</span> 
     </span>
     <span class='ocr_line' id='line_1_30' title="bbox 138 3464 1339 3549; baseline 0.002 -22"><span class='ocrx_word' id='word_1_251' title='bbox 138 3466 220 3549; x_wconf 81' lang='lat' dir='ltr'>dum.</span> <span class='ocrx_word' id='word_1_252' title='bbox 250 3464 340 3525; x_wconf 85' lang='lat' dir='ltr'>Certe</span> <span class='ocrx_word' id='word_1_253' title='bbox 363 3465 524 3543; x_wconf 87' lang='lat' dir='ltr'>Scriptura</span> <span class='ocrx_word' id='word_1_254' title='bbox 539 3481 601 3526; x_wconf 88' lang='lat' dir='ltr'>non</span> <span class='ocrx_word' id='word_1_255' title='bbox 617 3467 716 3543; x_wconf 83' lang='lat' dir='ltr'>magis</span> <span class='ocrx_word' id='word_1_256' title='bbox 736 3467 824 3544; x_wconf 84' lang='lat' dir='ltr'>cogit</span> <span class='ocrx_word' id='word_1_257' title='bbox 843 3468 881 3529; x_wconf 90' lang='lat' dir='ltr'>ad</span> <span class='ocrx_word' id='word_1_258' title='bbox 904 3470 1072 3531; x_wconf 88' lang='lat' dir='ltr'>dicendum</span> <span class='ocrx_word' id='word_1_259' title='bbox 1088 3471 1230 3535; x_wconf 80' lang='lat' dir='ltr'>omnibns</span> <span class='ocrx_word' id='word_1_260' title='bbox 1252 3471 1339 3534; x_wconf 90' lang='lat' dir='ltr'>omni-</span> 
     </span>
     <span class='ocr_line' id='line_1_31' title="bbox 138 3569 1340 3660; baseline 0.003 -26"><span class='ocrx_word' id='word_1_261' title='bbox 138 3589 181 3636; x_wconf 88' lang='lat' dir='ltr'>no</span> <span class='ocrx_word' id='word_1_262' title='bbox 197 3569 328 3634; x_wconf 86' lang='lat' dir='ltr'>terrenis</span> <span class='ocrx_word' id='word_1_263' title='bbox 340 3569 449 3646; x_wconf 87' lang='lat' dir='ltr'>bestiis</span> <span class='ocrx_word' id='word_1_264' title='bbox 462 3578 493 3631; x_wconf 90' lang='lat' dir='ltr'>et</span> <span class='ocrx_word' id='word_1_265' title='bbox 507 3570 686 3635; x_wconf 84' lang='lat' dir='ltr'>volatilibus</span> <span class='ocrx_word' id='word_1_266' title='bbox 699 3576 941 3639; x_wconf 71' lang='lat' dir='ltr'>nominandam</span> <span class='ocrx_word' id='word_1_267' title='bbox 954 3584 1044 3640; x_wconf 83' lang='lat' dir='ltr'>sexto</span> <span class='ocrx_word' id='word_1_268' title='bbox 1055 3577 1106 3639; x_wconf 91' lang='lat' dir='ltr'>die</span> <span class='ocrx_word' id='word_1_269' title='bbox 1117 3578 1340 3660; x_wconf 87' lang='lat' dir='ltr'>dedisse,qnan</span> 
     </span>
    </p>
   </div>
   <div class='ocr_carea' id='block_1_3' title="bbox 96 3738 1348 4135">
    <p class='ocr_par' dir='ltr' id='par_1_3' title="bbox 172 3738 478 3820">
     <span class='ocr_line' id='line_1_32' title="bbox 172 3738 478 3820; baseline 0 -3"><span class='ocrx_word' id='word_1_270' title='bbox 172 3769 188 3817; x_wconf 94' lang='lat'>1</span> <span class='ocrx_word' id='word_1_271' title='bbox 206 3765 246 3820; x_wconf 84' lang='lat' dir='ltr'>De</span> <span class='ocrx_word' id='word_1_272' title='bbox 266 3738 412 3819; x_wconf 50' lang='lat' dir='ltr'>Parudsr.</span> <span class='ocrx_word' id='word_1_273' title='bbox 431 3748 478 3817; x_wconf 81' lang='lat' dir='ltr'>m.</span> 
     </span>
    </p>

    <p class='ocr_par' dir='ltr' id='par_1_4' title="bbox 169 3865 769 3941">
     <span class='ocr_line' id='line_1_33' title="bbox 169 3865 769 3941; baseline 0.01 -27"><span class='ocrx_word' id='word_1_274' title='bbox 169 3865 380 3919; x_wconf 62' lang='lat' dir='ltr'>waldemari</span> <span class='ocrx_word' id='word_1_275' title='bbox 400 3867 442 3919; x_wconf 80' lang='lat' dir='ltr'>tit.</span> <span class='ocrx_word' id='word_1_276' title='bbox 462 3865 522 3931; x_wconf 79' lang='lat' dir='ltr'>ut,</span> <span class='ocrx_word' id='word_1_277' title='bbox 542 3883 564 3921; x_wconf 88' lang='lat' dir='ltr'>c.</span> <span class='ocrx_word' id='word_1_278' title='bbox 586 3869 628 3919; x_wconf 81' lang='lat'>12.</span> <span class='ocrx_word' id='word_1_279' title='bbox 660 3883 662 3887; x_wconf 75' lang='grc'>’</span> <span class='ocrx_word' id='word_1_280' title='bbox 743 3895 769 3941; x_wconf 90' lang='grc' dir='ltr'> </span> 
     </span>
    </p>

    <p class='ocr_par' dir='ltr' id='par_1_5' title="bbox 96 3962 1348 4135">
     <span class='ocr_line' id='line_1_34' title="bbox 168 3962 1342 4031; baseline 0.004 -19"><span class='ocrx_word' id='word_1_281' title='bbox 168 3964 185 4012; x_wconf 83' lang='grc'><strong>3</strong></span> <span class='ocrx_word' id='word_1_282' title='bbox 204 3966 328 4013; x_wconf 78' lang='lat' dir='ltr'>Testatus</span> <span class='ocrx_word' id='word_1_283' title='bbox 346 3963 425 4016; x_wconf 87' lang='lat' dir='ltr'>buius</span> <span class='ocrx_word' id='word_1_284' title='bbox 442 3965 603 4029; x_wconf 83' lang='lat' dir='ltr'>exceptionis</span> <span class='ocrx_word' id='word_1_285' title='bbox 619 3962 666 4016; x_wconf 85' lang='lat' dir='ltr'>dat</span> <span class='ocrx_word' id='word_1_286' title='bbox 684 3964 836 4028; x_wconf 84' lang='lat' dir='ltr'>rationem,</span> <span class='ocrx_word' id='word_1_287' title='bbox 855 3965 917 4031; x_wconf 88' lang='lat' dir='ltr'>qnia</span> <span class='ocrx_word' id='word_1_288' title='bbox 936 3967 1071 4020; x_wconf 79' lang='lat' dir='ltr'>terrestria</span> <span class='ocrx_word' id='word_1_289' title='bbox 1088 3967 1215 4018; x_wconf 85' lang='lat' dir='ltr'>animalia</span> <span class='ocrx_word' id='word_1_290' title='bbox 1244 3970 1272 4019; x_wconf 89' lang='lat' dir='ltr'>iu</span> <span class='ocrx_word' id='word_1_291' title='bbox 1289 3981 1342 4020; x_wconf 77' lang='lat' dir='ltr'>corr·</span> 
     </span>
     <span class='ocr_line' id='line_1_35' title="bbox 96 4056 1348 4135; baseline 0.003 -26"><span class='ocrx_word' id='word_1_292' title='bbox 96 4082 102 4093; x_wconf 86' lang='lat'><em>·</em></span> <span class='ocrx_word' id='word_1_293' title='bbox 136 4066 227 4126; x_wconf 83' lang='lat' dir='ltr'>spectu</span> <span class='ocrx_word' id='word_1_294' title='bbox 245 4071 349 4122; x_wconf 85' lang='lat' dir='ltr'>semper</span> <span class='ocrx_word' id='word_1_295' title='bbox 368 4058 446 4112; x_wconf 87' lang='lat' dir='ltr'>bomo</span> <span class='ocrx_word' id='word_1_296' title='bbox 463 4056 707 4135; x_wconf 59' lang='lat' dir='ltr'>eseet‘babitnrns3</span> <span class='ocrx_word' id='word_1_297' title='bbox 727 4075 778 4114; x_wconf 91' lang='lat' dir='ltr'>non</span> <span class='ocrx_word' id='word_1_298' title='bbox 797 4077 858 4115; x_wconf 86' lang='lat' dir='ltr'>raro</span> <span class='ocrx_word' id='word_1_299' title='bbox 876 4077 907 4113; x_wconf 89' lang='lat' dir='ltr'>ea</span> <span class='ocrx_word' id='word_1_300' title='bbox 924 4079 994 4130; x_wconf 88' lang='lat' dir='ltr'>quaa</span> <span class='ocrx_word' id='word_1_301' title='bbox 1010 4064 1061 4115; x_wconf 86' lang='lat' dir='ltr'>sub</span> <span class='ocrx_word' id='word_1_302' title='bbox 1079 4065 1159 4129; x_wconf 86' lang='lat' dir='ltr'>aquis</span> <span class='ocrx_word' id='word_1_303' title='bbox 1184 4063 1292 4115; x_wconf 82' lang='lat' dir='ltr'>assidue</span> <span class='ocrx_word' id='word_1_304' title='bbox 1309 4064 1348 4114; x_wconf 38' lang='lat' dir='ltr'>lar-⁴</span> 
     </span>
    </p>
   </div>
   <div class='ocr_carea' id='block_1_4' title="bbox 135 4155 1349 4304">
    <p class='ocr_par' dir='ltr' id='par_1_6' title="bbox 135 4155 1349 4304">
     <span class='ocr_line' id='line_1_36' title="bbox 135 4155 1349 4230; baseline 0.004 -25"><span class='ocrx_word' id='word_1_305' title='bbox 135 4163 211 4230; x_wconf 77' lang='lat' dir='ltr'>teat,</span> <span class='ocrx_word' id='word_1_306' title='bbox 229 4155 329 4222; x_wconf 87' lang='lat' dir='ltr'>quibus</span> <span class='ocrx_word' id='word_1_307' title='bbox 347 4157 461 4220; x_wconf 84' lang='lat' dir='ltr'>primam</span> <span class='ocrx_word' id='word_1_308' title='bbox 478 4168 540 4211; x_wconf 83' lang='lat' dir='ltr'>ante</span> <span class='ocrx_word' id='word_1_309' title='bbox 556 4157 688 4220; x_wconf 79' lang='lat' dir='ltr'>diluuium</span> <span class='ocrx_word' id='word_1_310' title='bbox 702 4166 819 4213; x_wconf 85' lang='lat' dir='ltr'>&#39;aetatem</span> <span class='ocrx_word' id='word_1_311' title='bbox 836 4173 913 4212; x_wconf 80' lang='lat' dir='ltr'>naam</span> <span class='ocrx_word' id='word_1_312' title='bbox 931 4175 991 4215; x_wconf 83' lang='lat' dir='ltr'>assa</span> <span class='ocrx_word' id='word_1_313' title='bbox 1008 4175 1059 4213; x_wconf 88' lang='lat' dir='ltr'>non</span> <span class='ocrx_word' id='word_1_314' title='bbox 1079 4167 1165 4227; x_wconf 81' lang='lat' dir='ltr'>putat.</span> <span class='ocrx_word' id='word_1_315' title='bbox 1188 4163 1241 4226; x_wconf 82' lang='lat' dir='ltr'>Qu.</span> <span class='ocrx_word' id='word_1_316' title='bbox 1262 4162 1306 4213; x_wconf 71' lang='grc'>21.</span> <span class='ocrx_word' id='word_1_317' title='bbox 1322 4164 1349 4212; x_wconf 77' lang='lat' dir='ltr'>tn</span> 
     </span>
     <span class='ocr_line' id='line_1_37' title="bbox 138 4249 838 4304; baseline 0.003 -3"><span class='ocrx_word' id='word_1_318' title='bbox 138 4254 170 4302; x_wconf 89' lang='lat' dir='ltr'>tl.</span> <span class='ocrx_word' id='word_1_319' title='bbox 192 4251 259 4304; x_wconf 83' lang='lat' dir='ltr'>Gen.</span> <span class='ocrx_word' id='word_1_320' title='bbox 281 4279 283 4282; x_wconf 58' lang='lat'>&gt;</span> <span class='ocrx_word' id='word_1_321' title='bbox 835 4249 838 4257; x_wconf 86' lang='lat'>&#39;</span> 
     </span>
    </p>
   </div>
   <div class='ocr_carea' id='block_1_5' title="bbox 171 4345 979 4431">
    <p class='ocr_par' dir='ltr' id='par_1_7' title="bbox 171 4345 979 4431">
     <span class='ocr_line' id='line_1_38' title="bbox 171 4345 979 4431; baseline 0.014 -34"><span class='ocrx_word' id='word_1_322' title='bbox 171 4345 233 4399; x_wconf 75' lang='lat' dir='ltr'>tlt.</span> <span class='ocrx_word' id='word_1_323' title='bbox 253 4364 280 4415; x_wconf 77' lang='lat' dir='ltr'>g.</span> <span class='ocrx_word' id='word_1_324' title='bbox 299 4352 328 4405; x_wconf 82' lang='lat' dir='ltr'>P.</span> <span class='ocrx_word' id='word_1_325' title='bbox 347 4349 451 4431; x_wconf 84' lang='lat' dir='ltr'>Nicolai</span> <span class='ocrx_word' id='word_1_326' title='bbox 469 4351 530 4405; x_wconf 72' lang='lat' dir='ltr'>Lea.</span> <span class='ocrx_word' id='word_1_327' title='bbox 545 4350 625 4413; x_wconf 73' lang='lat' dir='ltr'>XXV.</span> <span class='ocrx_word' id='word_1_328' title='bbox 640 4355 682 4407; x_wconf 83' lang='lat' dir='ltr'>dei</span> <span class='ocrx_word' id='word_1_329' title='bbox 697 4355 764 4410; x_wconf 81' lang='lat' dir='ltr'>Gen.</span> <span class='ocrx_word' id='word_1_330' title='bbox 785 4364 804 4407; x_wconf 84' lang='lat' dir='ltr'>t.</span> <span class='ocrx_word' id='word_1_331' title='bbox 818 4360 852 4420; x_wconf 89' lang='lat' dir='ltr'>ll,</span> <span class='ocrx_word' id='word_1_332' title='bbox 874 4370 900 4422; x_wconf 92' lang='lat' dir='ltr'>p.</span> <span class='ocrx_word' id='word_1_333' title='bbox 919 4356 979 4409; x_wconf 71' lang='lat' dir='ltr'>lul.</span> 
     </span>
    </p>
   </div>
   <div class='ocr_carea' id='block_1_6' title="bbox 0 0 1502 5002">
    <p class='ocr_par' dir='ltr' id='par_1_8' title="bbox 0 0 1502 5002">
     <span class='ocr_line' id='line_1_39' title="bbox 0 0 1502 5002; baseline 0 0"><span class='ocrx_word' id='word_1_334' title='bbox 0 0 1502 5002; x_wconf 95' lang='lat' dir='ltr'> </span> 
     </span>
    </p>
   </div>
  </div>
 </body>
</html>
