2970 5002
1276 291 1334 355 tel

123 419 206 487 eatur
222 412 352 490 ,luisse
373 413 451 479 baec
471 413 634 479 materiem
656 432 695 478 ex
716 430 779 496 qua
792 416 1000 505 animantium
1015 435 1147 513 corpora
1163 438 1331 503 coagmen·

122 529 182 586 tata
206 529 307 603 sunt,
329 521 523 586 credendum
544 531 651 591 tamen
670 533 729 604 est,
744 543 783 589 ex
802 526 935 596 materia
954 527 999 590 lbi
1020 528 1155 611 degente
1175 549 1211 594 aa
1234 531 1333 597 luisse

119 629 270 708 conficta,
296 646 412 712 nempe
432 632 580 714 aquatilia
602 650 746 715 err-aqua
776 641 871 697 etex
898 636 1037 700 materiis
1057 638 1090 702 in
1124 640 1201 720 ipsa,
1225 657 1330 721 aqua,

111 739 225 805 autin
247 737 325 803 limo
346 745 468 802 terrave
487 741 582 822 aquis
603 742 805 820 subiacente,
820 744 1049 831 ⁴earistentibus;
1074 748 1234 811 terrestria
1255 767 1331 815 vero

112 847 201 917 sexti
220 847 285 913 diei
304 857 434 925 eterra,
460 847 522 932 (ex
542 867 605 930 qua
626 851 722 914 etiam
735 851 872 916 hominis
894 855 1140 934 corpuslactum
1155 857 1334 939 novimus),

122 972 183 1019 non
205 954 335 1036 quidem
356 974 397 1018 ex
415 956 469 1019 illa
490 975 568 1037 pura
583 965 615 1023 et
629 960 813 1022 elementari
836 966 917 1023 terra
940 975 1021 1043 quaa
1035 973 1177 1029 veterum
1198 965 1331 1045 luittig-

111 1070 291 1144 mentum,
312 1081 415 1145 neque
436 1083 476 1127 ex
491 1065 595 1145 aliqua
609 1073 858 1148 terrarumquas
873 1071 1014 1150 chymica
1026 1079 1169 1135 recenset
1183 1123 1190 1148 ‚
1206 1082 1241 1136 ut
1257 1083 1334 1155 puta

111 1189 157 1235 ex
178 1170 286 1248 talce;
310 1173 367 1235 sed
399 1190 438 1234 ex
462 1173 620 1236 ordinaria
640 1192 676 1238 ac
698 1176 819 1256 vulgari
840 1184 948 1254 terra,
971 1161 1052 1260 quae
1072 1198 1198 1261 semper
1218 1189 1267 1246 est
1290 1201 1330 1247 an

116 1279 261 1359 pluribus
285 1279 502 1358 heterogeneis
525 1289 557 1343 et
578 1285 761 1364 cumpositis
784 1286 968 1349 substantiis
990 1268 1184 1353 commistio.
1198 1291 1240 1353 At
1254 1290 1331 1371 quid

111 1387 368 1451 accolentibus
390 1388 449 1451 bac
472 1390 522 1452 die
543 1389 633 1452 laetis
665 1391 837 1455 dicemus?
860 1395 1081 1462 «Producant
1105 1415 1206 1478 aquae
1227 1399 1328 1479 repti-

118 1497 153 1558 le.
237 1487 255 1559 ’.’
270 1503 303 1558 et
334 1495 460 1558 volatile
481 1515 577 1576 super
600 1506 715 1561 terram
737 1501 797 1564 sub
820 1501 1019 1567 firmamento
1043 1505 1122 1567 coeli
1147 1529 1177 1564 n.
1203 1505 1248 1568 lta
1263 1508 1332 1570 vul·

114 1612 207 1686 gatus
226 1623 258 1668 v.
279 1606 321 1679 20
343 1622 416 1669 cum
437 1607 526 1669 LXX.
550 1605 588 1668 Et
609 1607 756 1670 Onkelos:
783 1628 797 1666 a
818 1607 857 1669 Et
879 1610 1005 1673 volatile
1029 1612 1108 1691 quod
1132 1614 1329 1680 volat...»

112 1701 301 1798 ,ΙΙΙυᾱῘᾳιωά
314 1705 430 1778 ¹dicunt
452 1716 483 1775 in
505 1713 667 1794 Hebraeo,
691 1717 736 1778 uti
768 1696 865 1796 alibi,
889 1718 1093 1796 subintelligi.
1119 1720 1233 1784 Verum
1255 1701 1331 1786 nul-

119 1826 188 1912 lum
210 1823 251 1887 de
273 1822 506 1889 corintiorum
528 1828 577 1888 est
596 1822 629 1884 in
651 1823 796 1901 originali
820 1830 929 1900 textu,
954 1842 1013 1892 uec
1035 1825 1066 1887 iu
1090 1827 1335 1893 aliisversioni·.

111 1931 206 2012 bus,
228 1937 264 1993 ut
285 1936 362 2011 puta
384 1929 415 1991 iu
437 1947 509 2009 syra
529 1935 584 1993 aut
606 1930 637 1993 ln
659 1930 861 1994 samaritana.
875 1930 940 1994 Nec
953 1932 1153 2012 adpareteur
1180 1935 1330 2012 volatilia,

115 2039 171 2101 illa
191 2054 320 2120 quoque
342 2053 422 2117 quac
444 2028 568 2098 nullam'
587 2055 659 2098 cum
680 2038 770 2118 aquis
792 2021 976 2101 relationem
1005 2039 1134 2118 babent,
1156 2058 1221 2103 cur
1235 2041 1331 2104 deni-

116 2126 278 2228 quauoat
299 2145 378 2209 coeli
397 2145 430 2206 in
454 2143 545 2225 aquis
568 2142 668 2205 laetae
690 2146 774 2224 sint,
796 2152 828 2207 et
851 2163 890 2207 ex
911 2147 1001 2226 aquis
1031 2147 1166 2210 exierint
1188 2144 1326 2227 (penula

116 2252 233 2334 utique
251 2251 342 2334 ullis)
355 2244 403 2316 ⁴ut
424 2251 568 2316 notarent
590 2270 686 2332 cuper
709 2260 838 2316 terram.
861 2253 896 2315 ln
913 2253 1037 2331 vulgata
1059 2256 1128 2335 ipsa
1150 2255 1284 2332 legimus
1298 2273 1327 2319 c.

119 2363 147 2425 ll
170 2362 274 2437 ulli:
295 2352 491 2427 u'Formatis
512 2361 608 2440 igitur
629 2361 766 2429 Deuade
788 2362 1028 2430 bumocunetis
1041 2363 1254 2426 animantibus
1267 2371 1330 2426 ter·

120 2487 139 2531 u
156 2475 209 2535 raa
229 2475 262 2537 at
282 2470 436 2533 universis
450 2469 630 2532 volatilibus
642 2468 722 2532 coeli
735 2490 764 2531 n.
779 2469 863 2531 Licet
877 2468 995 2540 ,ultima
1016 2468 1110 2532 verba
1122 2469 1233 2533 relerri
1253 2484 1332 2551 pos·

113 2552 182 2642 sint
195 2577 238 2643 ad
258 2576 339 2653 illud
365 2565 543 2653 Formatia,
565 2584 675 2649 elnon
697 2578 737 2639 ad
759 2577 845 2640 aliud
858 2578 895 2659 dc
910 2577 1000 2640 lamo
1018 2626 1026 2657 ,
1048 2578 1210 2641 latendum
1226 2584 1332 2640 tamen

119 2699 195 2768 est,
215 2688 302 2753 bunc
314 2688 421 2753 locum
441 2688 477 2750 iis
493 2687 546 2768 qui
567 2686 706 2749 volatilia
725 2692 793 2748 orta
806 2686 917 2748 volunt
938 2703 978 2749 ex
991 2703 1073 2765 aqua
1089 2734 1096 2761 ‚
1113 2671 1228 2765 parum.
1248 2683 1332 2748 iave-

116 2814 163 2860 re.
187 2796 287 2861 Favet
301 2794 352 2859 bis
365 2794 567 2891 apocryphus
589 2797 624 2860 L.
637 2795 675 2857 lV
691 2794 780 2858 Esdr.
794 2809 823 2856 c.
837 2793 888 2872 vl,
905 2812 934 2854 v.
949 2795 1000 2856 ll:
1016 2793 1072 2882 sed
1086 2791 1269 2857 huiusmodi
1283 2800 1331 2855 ta·
1440 2848 1443 2853 .

114 2903 307 2969 ‚stimonium
321 2904 479 2984 opinionis
499 2902 718 2985 antiquitatem
743 2899 1085 2989 solummodoprobat.

156 3011 436 3089 Augustinusnon
450 3011 625 3087 dubitabat,
650 3010 845 3092 scripturam
866 3009 990 3084 docere,
1016 3023 1055 3069 ex
1069 3007 1159 3088 aquis
1174 3007 1330 3087 producta

119 3119 261 3190 volatilia
286 3119 332 3182 uti
354 3119 501 3200 aquatilia
516 3139 530 3197 ;·
547 3120 579 3190 id
597 3126 701 3182 tamen
723 3120 766 3181 ita
788 3118 925 3198 explieat
944 3120 979 3198 tq
1004 3135 1023 3176 u
1046 3115 1204 3195 Quidquid
1219 3131 1331 3201 „aqua-

118 3247 138 3288 e
161 3242 234 3289 rum
254 3225 319 3301 siue
339 3225 475 3296 labiliter
497 3226 654 3291 undosum
678 3232 710 3288 et
729 3225 863 3288 lluidum
886 3233 948 3302 est,
963 3223 1028 3286 sive
1041 3220 1265 3303 vaporabilitar
1278 3226 1329 3281 te-

119 3355 137 3397 «
160 3319 294 3399 nuatum
314 3340 409 3414 atque
429 3350 641 3414 suspensum,
664 3325 789 3397 utillud
804 3333 969 3415 reptilibus
984 3331 1162 3394 animarum
1175 3327 1331 3399 vivarum.

123 3464 140 3500 a
162 3442 223 3505 boc
243 3441 422 3505 volatilibus
443 3442 593 3524 appareat
614 3443 818 3506 distributum
831 3442 961 3504 ».·ldem
982 3437 1331 3520 sentiuntltupartust

116 3558 150 3612 et
174 3567 207 3612 s.
224 3548 358 3613 Thomas
376 3553 404 3611 ³.
430 3550 516 3613 ldem
538 3552 620 3613 valet
640 3551 701 3616 boc
720 3570 758 3613 ac
779 3552 807 3613 si
827 3547 1207 3623 dicerent,volatilianon
1222 3546 1329 3608 inma-

120 3657 150 3721 ri
170 3656 279 3720 autin
299 3674 380 3738 aqua
401 3658 529 3738 proprie
550 3659 658 3736 dicta,
685 3658 794 3722 sedin
820 3657 1044 3722 humidoabre
1064 3655 1197 3721 formata
1221 3654 1330 3715 luisse.

118 3802 124 3831 .'
163 3765 250 3839 Quae
265 3765 311 3828 'de
331 3765 447 3846 plantis
467 3767 611 3831 dicebam
634 3767 675 3850 (ς
697 3766 741 3848 L]
763 3815 787 3846 ,q
808 3774 840 3830 et
860 3767 911 3830 lric
932 3766 973 3829 de
993 3765 1207 3829 animantibus
1225 3765 1335 3850 *essent

117 3875 302 3958 ¹repetenda.
326 3874 479 3949 Quoniam
500 3893 574 3941 vero
595 3876 789 3958 insomnia,
807 3874 968 3944 nonnullis
983 3879 1107 3939 tantum
1123 3871 1257 3949 mutatis
1270 3884 1339 3932 ver·

155 4149 229 4234 1qlte
247 4149 312 4202 Gon.
331 4148 366 4202 atl
383 4147 424 4204 lit.
444 4155 474 4204 L.
494 4154 539 4205 lll.
558 4165 582 4204 c.
596 4152 641 4204 Ἰ3.ι

117 4289 122 4297 .
154 4243 230 4299 blla
248 4245 373 4312 operibns
389 4248 530 4302 trinitatis
548 4251 578 4305 l..
597 4251 609 4307 l
627 4262 651 4307 o.
669 4250 714 4305 lo.

150 4340 168 4398 3
189 4341 214 4398 l.
236 4345 266 4400 Ρ.
285 4355 312 4412 q.
331 4340 423 4402 tllxt.
442 4345 476 4401 ud
494 4346 522 4403 3.
550 4411 553 4417 .
