2970 5002
1269 297 1329 363 tat

124 434 333 514 parationem,
361 431 471 496 bonnm
490 435 553 497 erit
574 433 681 496 multis
702 434 756 514 qui
776 433 927 514 optimam
951 431 1069 512 eligent
1089 438 1210 515 partem
1224 433 1262 514 ¹l:
1286 431 1336 494 ia-

123 543 285 608 ciamus'ei
300 538 492 604 adiutorium
517 541 619 605 simile
633 540 693 604 sibi
707 540 722 584 ²
737 540 802 624 (vel
816 543 844 605 ei
858 540 1058 623 conveniens)
1074 560 1092 603 ι(
1106 542 1143 604 V.
1158 543 1208 606 ts.
1221 563 1235 599 ι
1255 531 1340 604 ror-'

124 653 213 715 mutis
235 651 331 730 igitur
351 650 505 714 Dominus
519 650 603 714 Deus
625 653 664 714 de
685 651 783 714 humo
804 653 926 714 cunctis
948 651 1161 714 animantibus
1176 658 1288 728 terrae,
1304 655 1336 712 et

123 759 276 823 universis
299 757 478 820 volatilibus
511 759 603 833 coeli,
626 759 758 823 adduxit
778 776 815 820 ea
834 759 873 821 ad
894 759 1018 835 Adam,
1055 765 1091 821 ut
1115 759 1235 821 videret
1259 757 1342 839 quid·

123 873 248 931 vocaret
275 882 321 929 ea.
345 863 444 927 Omne
465 864 549 927 enirn
570 865 656 945 quod
685 865 808 929 vocavit
828 866 953 945 Adam,
978 865 1040 947 (val
1075 866 1162 946 quod
1193 847 1338 928 uocasset

123 973 229 1054 bomo)
245 972 369 1036 animae
381 973 524 1052 viventis,
538 974 642 1054 ipsum
656 981 704 1036 est
719 975 780 1055 (vel
793 973 884 1054 essct)
901 992 1016 1037 nomen
1031 975 1110 1038 eius.
1131 995 1145 1033 a
1156 973 1271 1036 Vultne
1285 964 1338 1034 ιιι·Ι
1353 980 1357 988 ’

124 1084 229 1147 dicere
250 1081 364 1159 Moses,
386 1097 455 1142 esse
469 1081 604 1145 hominis
620 1099 715 1162 quem
727 1081 812 1145 Dens
835 1099 932 1163 super
953 1082 1045 1145 bruta
1066 1071 1238 1158 constituit,
1262 1079 1338 1161 ipsis

117 1193 224 1258 brutis
238 1204 355 1255 nomen
369 1190 550 1271 imponere?
563 1190 626 1254 Gur
639 1208 715 1269 ergo
730 1209 793 1254 non
809 1190 923 1269 legitur
938 1172 1059 1254 bomini
1071 1192 1287 1270 commissum,
1300 1198 1349 1269 ut¹

120 1310 154 1366 et
168 1301 287 1385 plantis
302 1317 418 1363 nomen
433 1299 566 1380 inderet,
582 1299 724 1379 quamvis
737 1299 768 1360 in
784 1315 894 1361 earum
907 1298 1066 1361 culturam
1081 1297 1264 1360 incumbere
1278 1298 1338 1359 de-

117 1408 229 1473 beret?
246 1407 298 1489 (ll,
312 1404 376 1487 15).
389 1408 439 1469 An
453 1406 528 1487 quie
541 1406 723 1469 huiusmodi
747 1407 916 1468 nominum
929 1388 1089 1485 impositio
1104 1403 1280 1467 dominium
1295 1402 1338 1464 il-

116 1517 191 1599 lud,
214 1516 302 1597 quod
322 1521 371 1578 est
392 1515 425 1576 in
447 1532 565 1591 servos,
589 1513 721 1576 indicat‘.l
741 1515 860 1593 Stirpes
881 1510 1024 1594 proiecto
1045 1528 1111 1575 non
1134 1517 1211 1574 sunt
1231 1511 1339 1573 homi-

118 1625 166 1705 ni,
189 1640 253 1703 que
274 1639 329 1684 rex
340 1627 399 1696 est,
414 1623 460 1684 uti
477 1622 570 1684 brute
594 1621 764 1700 subiectae,
786 1619 842 1682 sed
864 1620 955 1681 datae
969 1618 1017 1680 illi
1037 1618 1070 1681 in
1091 1616 1340 1700 escam(1,29).

116 1726 245 1797 u'V22'0.
262 1729 531 1812 »Appellavitque
542 1729 644 1791 Adam
666 1727 848 1792 nominibus
869 1729 934 1790 suis
957 1735 1070 1789 cuncta
1083 1727 1253 1790 animantia
1269 1726 1341 1806 (do-

118 1841 256 1904 mesticu
278 1839 327 1901 vel
348 1837 528 1918 lcrbivora)
554 1845 586 1899 et
606 1836 752 1900 universa
774 1835 914 1899 volatilia
933 1837 1028 1915 coeli,
1045 1844 1077 1899 et
1098 1852 1208 1900 omnes
1224 1835 1341 1900 bestias
1398 1878 1403 1895 ,

117 1958 226 2013 tarrae
249 1945 353 2029 (feros
368 1943 535 2027 oprestcs).
557 1945 643 2007 Adae
664 1959 738 2007 vero
761 1959 826 2006 non
849 1944 1067 2007 inveniebatur
1088 1944 1214 2007 adiutor
1226 1945 1339 2008 similis

119 2059 191 2121 eius
215 2055 276 2139 (vel
291 2056 320 2118 ci
343 2030 873 2145 conveniens).«ll.21>›.-lmmisit
896 2070 971 2132 ergo
992 2051 1204 2134 (etimmisit)
1228 2034 1342 2115 Domi-³

120 2184 186 2232 nus
208 2163 290 2227 Deus
311 2161 487 2245 soporem³
509 2152 672 2240 (inrecta,
694 2167 729 2223 ut
752 2158 878 2223 v'ertunt
898 2159 978 2240 ιιι)
1004 2161 1036 2222 in
1057 2160 1177 2222 Adam:
1200 2175 1338 2240 cumque

122 2273 346 2351 obdormisset,
363 2272 438 2335 tulit
455 2287 551 2334 unam
572 2269 611 2332 de
632 2272 729 2331 costis
749 2269 817 2332 eius
836 2269 896 2349 (vel
910 2287 1005 2331 unum
1019 2286 1062 2331 em
1074 2267 1228 2348 portibus,
1242 2288 1338 2331 unam

122 2388 259 2477 purten
272 2379 386 2461 ansel
409 2388 441 2443 et
463 2380 595 2461 replevit
615 2395 742 2441 carnem
764 2394 823 2459 pro
844 2397 891 2441 ea
914 2380 983 2441 «V.
1007 2380 1058 2447 22.
1073 2379 1145 2443 »Et
1166 2379 1341 2442 aedificavit

122 2494 278 2558 Dominus
301 2490 386 2553 Deus
408 2497 529 2553 costam
555 2490 623 2569 (seu
643 2486 778 2568 partem)
802 2506 897 2568 qnam
920 2489 1036 2552 tulerat
1057 2490 1096 2551 de
1108 2490 1208 2551 Adam
1225 2487 1338 2569 (Arabs

120 2602 228 2664 vertit·
251 2617 391 2664 crescere
411 2597 488 2679 fecit
510 2606 628 2661 costam
647 2583 853 2660 subletumdc
866 2598 1002 2680 Adam)
994 2616 1025 2661 ιιι
1040 2582 1218 2674 mulierem3
1233 2607 1264 2661 et
1279 2599 1343 2661 od-

124 2700 223 2773 ducc'it
246 2723 313 2771 eom
333 2708 374 2769 ud
394 2707 504 2769 ddum.
529 2706 538 2787 l
554 2706 647 2768 VD3.
661 2707 683 2786 l.
700 2727 718 2770 ι(
733 2704 877 2785 Dixitque
890 2706 1001 2767 Adam:
1011 2705 1076 2768 boa
1090 2723 1175 2767 nunc
1189 2723 1225 2768 os
1239 2723 1279 2768 ex
1293 2723 1344 2768 os-

122 2815 213 2878 sibus
235 2817 325 2890 meis,
348 2822 380 2877 et
401 2832 473 2877 caro
495 2815 534 2876 de
557 2830 650 2876 carne
671 2830 742 2875 mea
755 2830 785 2876 a.
813 2814 907 2885 Quasi
926 2812 1063 2875 diceret:
1089 2812 1151 2874 alia
1172 2797 1352 2877 animantia⁴

124 2924 205 2986 mihi
227 2941 291 2987 non
315 2933 505 3003 congruunt,
530 2925 605 3004 quia
622 2922 732 3003 specie
752 2921 937 3001 dissimilia,
958 2938 1059 3001 prono
1079 2923 1195 2984 vertice
1216 2924 1249 2983 in
1275 2930 1341 2986 ter-

125 3047 196 3094 ram
216 3031 386 3111 inclinata,
409 3030 552 3111 loquelae
572 3047 610 3092 ao
632 3030 760 3093 rationis
782 3031 944 3110 expertia;
969 3031 1046 3092 haee
1066 3029 1143 3092 mihi
1164 3028 1339 3109 simillima,

159 3248 183 3298 1·
196 3263 211 3296 a
223 3246 312 3299 l’rlma
330 3248 377 3300 Dei
390 3246 518 3300 sententia
537 3259 653 3299 crescere
670 3252 697 3297 at
714 3259 843 3313 generare.
855 3247 998 3315 praecepit,
1016 3245 1133 3300 secunda
1150 3245 1342 3300 continentiam

127 3364 143 3395 a
162 3345 287 3397 sunsit·
306 3349 333 3399 s.
352 3343 498 3410 Cyprianus
518 3347 548 3394 t.
567 3339 730 3393 DoHubltu
750 3342 903 3409 Virginem.

159 3441 318 3496 Donlrelos:
336 3442 414 3508 quusi
432 3440 530 3506 ipsum:
550 3439 629 3504 queat
646 3438 762 3491 alterum
779 3440 878 3507 ipsum.

162 3542 180 3593 3
198 3542 294 3609 riquila
305 3537 385 3596 vertit
396 3539 544 3605 ueremur,
561 3538 640 3606 qnasi
651 3536 750 3590 diceret
763 3535 926 3606 profundum
949 3537 1093 3604 quemdum
1109 3553 1240 3608 soporem.
1255 3538 1341 3592 David

127 3640 255 3694 Kimlsius
272 3642 401 3706 exponit,
420 3640 594 3704 nullatemus
620 3637 800 3691 uehementem
817 3650 947 3689 somnum.
967 3641 1073 3692 Sturum
1100 3636 1243 3704 quemdam
1261 3639 1346 3714 uoimi

127 3749 266 3789 excessum
276 3735 441 3801 designatum
454 3735 498 3787 hic
510 3741 604 3803 putant
614 3731 790 3801 Augustinus,
800 3735 955 3801 Procopius,
975 3738 1119 3800 Romanus,
1141 3741 1168 3784 et
1180 3731 1340 3797 bernardus,

124 3832 176 3899 qui
193 3832 259 3884 bunc
276 3833 434 3885 sententiam
446 3845 478 3884 ex
490 3846 521 3884 eo
538 3830 643 3899 probet,
661 3830 733 3898 qnod
751 3846 797 3899 per
815 3844 936 3883 somnum
956 3818 1034 3883 illum
1051 3841 1118 3895 qnae
1136 3828 1233 3880 fiebunt
1252 3842 1267 3879 a
1284 3831 1339 3881 Deo

123 3929 171 3983 vel
190 3926 257 3981 vidit
273 3927 369 3990 Adam,
388 3926 430 3980 vel
448 3927 580 3981 diuinitus
598 3909 732 3996 patefacta
749 3926 864 3994 didicit,
884 3934 911 3979 et
927 3926 1018 3978 statim
1036 3933 1115 3992 atque
1132 3933 1174 3978 est
1190 3928 1339 3992 expergete«

125 4033 190 4077 utus
206 4023 347 4090 expressit
361 4021 462 4077 Eadem
476 4021 574 4081 scribit
589 4027 677 4078 Moses
695 4026 755 4076 Bur·
757 4023 855 4091 cepha.

165 4122 185 4172 a
204 4135 218 4170 a
232 4121 330 4174 Dicunt
347 4121 492 4188 (sapientes
509 4121 605 4219 nostri)
622 4135 707 4202 unum
723 4138 758 4176 ec
775 4126 856 4177 cortis
873 4121 944 4175 idem
959 4136 1029 4176 esse
1046 4122 1117 4190 quod
1133 4135 1217 4175 enom
1234 4137 1273 4175 ex
1278 4137 1342 4189 pur·
1350 4183 1352 4187 ι

128 4255 145 4287 a
166 4235 277 4288 tibus»
291 4238 331 4289 lta
343 4236 544 4304 llaremonrdas,
555 4241 641 4295 cimus
652 4243 767 4306 Targurn
779 4254 827 4310 qur
838 4253 927 4295 rocem
943 4207 1026 4324 9>ss
1048 4239 1134 4295 reddit
1163 4228 1347 4303 'llDOslutus

118 4353 208 4413 (letus
219 4338 400 4417 tabernaculi).
403 4353 495 4409 Graeci
508 4352 582 4408 illam
595 4367 684 4412 rocem
696 4353 818 4423 reddunt,
828 4361 944 4425 purtem
949 4358 996 4415 lix.
1009 4345 1130 4418 'stibus
1144 4352 1336 4423 ³5¹¹1ro27
