<?xml version="1.0" encoding="UTF-8"?>
<!DOCTYPE html PUBLIC "-//W3C//DTD XHTML 1.0 Transitional//EN"
    "http://www.w3.org/TR/xhtml1/DTD/xhtml1-transitional.dtd">
<html xmlns="http://www.w3.org/1999/xhtml" xml:lang="en" lang="en">
 <head>
  <title>
</title>
<meta http-equiv="Content-Type" content="text/html;charset=utf-8" />
  <meta name='ocr-system' content='tesseract 3.04.00' />
  <meta name='ocr-capabilities' content='ocr_page ocr_carea ocr_par ocr_line ocrx_word'/>
</head>
<body>
  <div class='ocr_page' id='page_1' title='image "./inhistoriamcrea00piangoog_0056.png"; bbox 0 0 2970 5002; ppageno 0'>
   <div class='ocr_carea' id='block_1_1' title="bbox 1225 295 1266 360">
    <p class='ocr_par' dir='ltr' id='par_1_1' title="bbox 1225 295 1266 360">
     <span class='ocr_line' id='line_1_1' title="bbox 1225 295 1266 360; baseline -0.024 0"><span class='ocrx_word' id='word_1_1' title='bbox 1225 295 1266 360; x_wconf 72' lang='lat' dir='ltr'><strong>dl</strong></span> 
     </span>
    </p>
   </div>
   <div class='ocr_carea' id='block_1_2' title="bbox 43 431 1264 2484">
    <p class='ocr_par' dir='ltr' id='par_1_2' title="bbox 45 431 1258 525">
     <span class='ocr_line' id='line_1_2' title="bbox 45 431 1258 525; baseline -0.012 -16"><span class='ocrx_word' id='word_1_2' title='bbox 45 441 232 525; x_wconf 85' lang='lat' dir='ltr'><strong>praesertim</strong></span> <span class='ocrx_word' id='word_1_3' title='bbox 252 442 347 523; x_wconf 90' lang='lat' dir='ltr'><strong>equi,</strong></span> <span class='ocrx_word' id='word_1_4' title='bbox 372 438 465 520; x_wconf 89' lang='lat' dir='ltr'><strong>cervi,</strong></span> <span class='ocrx_word' id='word_1_5' title='bbox 479 434 579 518; x_wconf 85' lang='lat' dir='ltr'><strong>bovis,</strong></span> <span class='ocrx_word' id='word_1_6' title='bbox 591 440 623 499; x_wconf 92' lang='lat' dir='ltr'><strong>et</strong></span> <span class='ocrx_word' id='word_1_7' title='bbox 643 435 739 500; x_wconf 91' lang='lat' dir='ltr'><strong>etiam</strong></span> <span class='ocrx_word' id='word_1_8' title='bbox 760 433 838 512; x_wconf 84' lang='lat' dir='ltr'><strong>ursi,</strong></span> <span class='ocrx_word' id='word_1_9' title='bbox 854 431 950 515; x_wconf 83' lang='lat' dir='ltr'><strong>canis,</strong></span> <span class='ocrx_word' id='word_1_10' title='bbox 966 433 1096 515; x_wconf 68' lang='lat' dir='ltr'><strong>hyenae,</strong></span> <span class='ocrx_word' id='word_1_11' title='bbox 1112 433 1179 496; x_wconf 84' lang='lat' dir='ltr'><strong>selis</strong></span> <span class='ocrx_word' id='word_1_12' title='bbox 1197 440 1258 497; x_wconf 88' lang='lat' dir='ltr'><strong>otc.</strong></span> 
     </span>
    </p>

    <p class='ocr_par' dir='ltr' id='par_1_3' title="bbox 46 543 1264 1066">
     <span class='ocr_line' id='line_1_3' title="bbox 88 543 1252 628; baseline -0.013 -10"><span class='ocrx_word' id='word_1_13' title='bbox 88 556 129 618; x_wconf 91' lang='lat' dir='ltr'><strong>Ut</strong></span> <span class='ocrx_word' id='word_1_14' title='bbox 149 554 321 618; x_wconf 75' lang='lat' dir='ltr'><strong>recentiora</strong></span> <span class='ocrx_word' id='word_1_15' title='bbox 343 558 417 619; x_wconf 90' lang='lat' dir='ltr'><strong>suut</strong></span> <span class='ocrx_word' id='word_1_16' title='bbox 437 561 571 628; x_wconf 88' lang='lat' dir='ltr'><strong>terrena,</strong></span> <span class='ocrx_word' id='word_1_17' title='bbox 593 548 636 610; x_wconf 88' lang='lat' dir='ltr'><strong>ita</strong></span> <span class='ocrx_word' id='word_1_18' title='bbox 656 545 774 610; x_wconf 83' lang='lat' dir='ltr'><strong>fossilia</strong></span> <span class='ocrx_word' id='word_1_19' title='bbox 795 546 955 625; x_wconf 86' lang='lat' dir='ltr'><strong>organica,</strong></span> <span class='ocrx_word' id='word_1_20' title='bbox 976 544 1089 606; x_wconf 85' lang='lat' dir='ltr'><strong>catoris</strong></span> <span class='ocrx_word' id='word_1_21' title='bbox 1111 543 1252 623; x_wconf 83' lang='lat' dir='ltr'><strong>peribus,</strong></span> 
     </span>
     <span class='ocr_line' id='line_1_4' title="bbox 46 652 1261 737; baseline -0.012 -10"><span class='ocrx_word' id='word_1_22' title='bbox 46 666 154 728; x_wconf 88' lang='lat' dir='ltr'><strong>minus</strong></span> <span class='ocrx_word' id='word_1_23' title='bbox 178 676 195 726; x_wconf 82' lang='lat' dir='ltr'><strong>a</strong></span> <span class='ocrx_word' id='word_1_24' title='bbox 216 661 351 726; x_wconf 84' lang='lat' dir='ltr'><strong>naturali</strong></span> <span class='ocrx_word' id='word_1_25' title='bbox 376 667 461 723; x_wconf 90' lang='lat' dir='ltr'><strong>statu</strong></span> <span class='ocrx_word' id='word_1_26' title='bbox 483 665 603 722; x_wconf 83' lang='lat' dir='ltr'><strong>matuta</strong></span> <span class='ocrx_word' id='word_1_27' title='bbox 620 675 653 720; x_wconf 91' lang='lat' dir='ltr'><strong>se</strong></span> <span class='ocrx_word' id='word_1_28' title='bbox 675 656 838 737; x_wconf 80' lang='lat' dir='ltr'>praebent,</span> <span class='ocrx_word' id='word_1_29' title='bbox 854 663 887 716; x_wconf 91' lang='lat' dir='ltr'><strong>ct</strong></span> <span class='ocrx_word' id='word_1_30' title='bbox 909 653 1030 734; x_wconf 90' lang='lat' dir='ltr'><strong>species</strong></span> <span class='ocrx_word' id='word_1_31' title='bbox 1052 652 1261 715; x_wconf 87' lang='lat' dir='ltr'><strong>animantium</strong></span> 
     </span>
     <span class='ocr_line' id='line_1_5' title="bbox 46 763 1262 854; baseline -0.012 -19"><span class='ocrx_word' id='word_1_32' title='bbox 46 790 130 854; x_wconf 73' lang='lat' dir='ltr'><strong>(puae</strong></span> <span class='ocrx_word' id='word_1_33' title='bbox 151 773 305 853; x_wconf 81' lang='lat' dir='ltr'>adparent</span> <span class='ocrx_word' id='word_1_34' title='bbox 324 772 364 833; x_wconf 91' lang='lat' dir='ltr'><strong>ad</strong></span> <span class='ocrx_word' id='word_1_35' title='bbox 389 770 516 835; x_wconf 79' lang='lat' dir='ltr'>ordines</span> <span class='ocrx_word' id='word_1_36' title='bbox 546 776 578 832; x_wconf 91' lang='lat' dir='ltr'><strong>et</strong></span> <span class='ocrx_word' id='word_1_37' title='bbox 600 768 718 829; x_wconf 85' lang='lat' dir='ltr'><strong>classes</strong></span> <span class='ocrx_word' id='word_1_38' title='bbox 739 765 838 842; x_wconf 86' lang='lat' dir='ltr'><strong>magis</strong></span> <span class='ocrx_word' id='word_1_39' title='bbox 864 764 999 825; x_wconf 89' lang='lat' dir='ltr'><strong>elevatas</strong></span> <span class='ocrx_word' id='word_1_40' title='bbox 1024 763 1186 842; x_wconf 84' lang='lat' dir='ltr'><strong>utriusque</strong></span> <span class='ocrx_word' id='word_1_41' title='bbox 1208 777 1262 822; x_wconf 86' lang='lat' dir='ltr'><strong>re-</strong></span> 
     </span>
     <span class='ocr_line' id='line_1_6' title="bbox 46 870 1264 960; baseline -0.01 -18"><span class='ocrx_word' id='word_1_42' title='bbox 46 882 104 959; x_wconf 88' lang='lat' dir='ltr'><strong>gni</strong></span> <span class='ocrx_word' id='word_1_43' title='bbox 122 883 261 960; x_wconf 80' lang='lat' dir='ltr'>organici</span> <span class='ocrx_word' id='word_1_44' title='bbox 283 881 489 956; x_wconf 84' lang='lat' dir='ltr'><strong>referuntur,</strong></span> <span class='ocrx_word' id='word_1_45' title='bbox 524 888 555 940; x_wconf 89' lang='lat' dir='ltr'><strong>et</strong></span> <span class='ocrx_word' id='word_1_46' title='bbox 579 875 698 940; x_wconf 75' lang='lat' dir='ltr'><strong>fossilis</strong></span> <span class='ocrx_word' id='word_1_47' title='bbox 719 875 759 937; x_wconf 88' lang='lat' dir='ltr'><strong>ad</strong></span> <span class='ocrx_word' id='word_1_48' title='bbox 781 875 933 950; x_wconf 88' lang='lat' dir='ltr'><strong>vegetalia</strong></span> <span class='ocrx_word' id='word_1_49' title='bbox 957 879 989 934; x_wconf 88' lang='lat' dir='ltr'><strong>et</strong></span> <span class='ocrx_word' id='word_1_50' title='bbox 1010 870 1157 935; x_wconf 85' lang='lat' dir='ltr'><strong>animalia</strong></span> <span class='ocrx_word' id='word_1_51' title='bbox 1182 885 1264 950; x_wconf 89' lang='lat' dir='ltr'><strong>quae</strong></span> 
     </span>
     <span class='ocr_line' id='line_1_7' title="bbox 46 987 676 1066; baseline -0.006 -13"><span class='ocrx_word' id='word_1_52' title='bbox 46 990 214 1053; x_wconf 85' lang='lat' dir='ltr'><strong>nobiscum</strong></span> <span class='ocrx_word' id='word_1_53' title='bbox 232 991 368 1066; x_wconf 91' lang='lat' dir='ltr'><strong>vivunt,</strong></span> <span class='ocrx_word' id='word_1_54' title='bbox 391 989 491 1065; x_wconf 87' lang='lat' dir='ltr'><strong>magis</strong></span> <span class='ocrx_word' id='word_1_55' title='bbox 512 987 676 1050; x_wconf 87' lang='lat' dir='ltr'><strong>accedunt.</strong></span> 
     </span>
    </p>

    <p class='ocr_par' dir='ltr' id='par_1_4' title="bbox 43 1091 1264 2484">
     <span class='ocr_line' id='line_1_8' title="bbox 87 1091 1264 1174; baseline -0.011 -13"><span class='ocrx_word' id='word_1_56' title='bbox 87 1096 135 1162; x_wconf 85' lang='lat' dir='ltr'><strong>Ex</strong></span> <span class='ocrx_word' id='word_1_57' title='bbox 159 1099 217 1160; x_wconf 88' lang='lat' dir='ltr'><strong>bac</strong></span> <span class='ocrx_word' id='word_1_58' title='bbox 237 1098 422 1161; x_wconf 85' lang='lat' dir='ltr'><strong>brevissima</strong></span> <span class='ocrx_word' id='word_1_59' title='bbox 450 1102 466 1151; x_wconf 89' lang='lat'><strong>1</strong></span> <span class='ocrx_word' id='word_1_60' title='bbox 485 1096 726 1161; x_wconf 89' lang='lat' dir='ltr'><strong>adumbratione</strong></span> <span class='ocrx_word' id='word_1_61' title='bbox 747 1098 816 1160; x_wconf 90' lang='lat' dir='ltr'><strong>eius</strong></span> <span class='ocrx_word' id='word_1_62' title='bbox 837 1100 938 1160; x_wconf 89' lang='lat' dir='ltr'><strong>status</strong></span> <span class='ocrx_word' id='word_1_63' title='bbox 961 1109 1057 1174; x_wconf 90' lang='lat' dir='ltr'><strong>quem</strong></span> <span class='ocrx_word' id='word_1_64' title='bbox 1081 1097 1207 1152; x_wconf 88' lang='lat' dir='ltr'><strong>terrena</strong></span> <span class='ocrx_word' id='word_1_65' title='bbox 1231 1091 1264 1149; x_wconf 88' lang='lat' dir='ltr'><strong>ct</strong></span> 
     </span>
     <span class='ocr_line' id='line_1_9' title="bbox 46 1197 1262 1285; baseline -0.01 -17"><span class='ocrx_word' id='word_1_66' title='bbox 46 1207 170 1270; x_wconf 82' lang='lat' dir='ltr'><strong>fossilia</strong></span> <span class='ocrx_word' id='word_1_67' title='bbox 184 1206 330 1270; x_wconf 72' lang='lat' dir='ltr'><strong>obtinent</strong></span> <span class='ocrx_word' id='word_1_68' title='bbox 351 1204 504 1285; x_wconf 84' lang='lat' dir='ltr'><strong>sequitur,</strong></span> <span class='ocrx_word' id='word_1_69' title='bbox 529 1205 677 1268; x_wconf 85' lang='lat' dir='ltr'><strong>tellurem</strong></span> <span class='ocrx_word' id='word_1_70' title='bbox 692 1213 833 1268; x_wconf 86' lang='lat' dir='ltr'><strong>nostram</strong></span> <span class='ocrx_word' id='word_1_71' title='bbox 852 1206 961 1283; x_wconf 89' lang='lat' dir='ltr'><strong>plures</strong></span> <span class='ocrx_word' id='word_1_72' title='bbox 976 1197 1206 1263; x_wconf 84' lang='lat' dir='ltr'><strong>vicissitudines</strong></span> <span class='ocrx_word' id='word_1_73' title='bbox 1229 1200 1262 1258; x_wconf 87' lang='lat' dir='ltr'><strong>ct</strong></span> 
     </span>
     <span class='ocr_line' id='line_1_10' title="bbox 49 1306 1261 1396; baseline -0.009 -20"><span class='ocrx_word' id='word_1_74' title='bbox 49 1313 306 1396; x_wconf 87' lang='lat' dir='ltr'><strong>perturbationes</strong></span> <span class='ocrx_word' id='word_1_75' title='bbox 317 1321 390 1375; x_wconf 89' lang='lat' dir='ltr'><strong>ante</strong></span> <span class='ocrx_word' id='word_1_76' title='bbox 405 1321 549 1394; x_wconf 88' lang='lat' dir='ltr'><strong>tempora</strong></span> <span class='ocrx_word' id='word_1_77' title='bbox 560 1314 711 1377; x_wconf 88' lang='lat' dir='ltr'><strong>historica</strong></span> <span class='ocrx_word' id='word_1_78' title='bbox 733 1330 858 1394; x_wconf 86' lang='lat' dir='ltr'><strong>passam</strong></span> <span class='ocrx_word' id='word_1_79' title='bbox 878 1328 959 1389; x_wconf 89' lang='lat' dir='ltr'><strong>esse;</strong></span> <span class='ocrx_word' id='word_1_80' title='bbox 974 1310 1092 1372; x_wconf 88' lang='lat' dir='ltr'><strong>multas</strong></span> <span class='ocrx_word' id='word_1_81' title='bbox 1115 1306 1261 1383; x_wconf 82' lang='lat' dir='ltr'><strong>regiones</strong></span> 
     </span>
     <span class='ocr_line' id='line_1_11' title="bbox 44 1413 1256 1505; baseline -0.01 -19"><span class='ocrx_word' id='word_1_82' title='bbox 44 1425 144 1486; x_wconf 87' lang='lat' dir='ltr'><strong>meris</strong></span> <span class='ocrx_word' id='word_1_83' title='bbox 158 1424 306 1485; x_wconf 84' lang='lat' dir='ltr'><strong>ductibus</strong></span> <span class='ocrx_word' id='word_1_84' title='bbox 321 1439 378 1503; x_wconf 85' lang='lat' dir='ltr'><strong>per</strong></span> <span class='ocrx_word' id='word_1_85' title='bbox 392 1424 523 1501; x_wconf 87' lang='lat' dir='ltr'><strong>longum</strong></span> <span class='ocrx_word' id='word_1_86' title='bbox 535 1431 661 1505; x_wconf 84' lang='lat' dir='ltr'><strong>tempus</strong></span> <span class='ocrx_word' id='word_1_87' title='bbox 672 1430 809 1503; x_wconf 87' lang='lat' dir='ltr'><strong>opertas,</strong></span> <span class='ocrx_word' id='word_1_88' title='bbox 824 1428 857 1484; x_wconf 89' lang='lat' dir='ltr'><strong>et</strong></span> <span class='ocrx_word' id='word_1_89' title='bbox 870 1421 1024 1501; x_wconf 86' lang='lat' dir='ltr'><strong>quasdam</strong></span> <span class='ocrx_word' id='word_1_90' title='bbox 1049 1417 1122 1498; x_wconf 92' lang='lat' dir='ltr'><strong>plus</strong></span> <span class='ocrx_word' id='word_1_91' title='bbox 1143 1413 1256 1490; x_wconf 88' lang='lat' dir='ltr'><strong>semel,</strong></span> 
     </span>
     <span class='ocr_line' id='line_1_12' title="bbox 45 1524 1260 1615; baseline -0.011 -17"><span class='ocrx_word' id='word_1_92' title='bbox 45 1534 157 1610; x_wconf 87' lang='lat' dir='ltr'><strong>inisse;</strong></span> <span class='ocrx_word' id='word_1_93' title='bbox 172 1533 289 1596; x_wconf 87' lang='lat' dir='ltr'><strong>multas</strong></span> <span class='ocrx_word' id='word_1_94' title='bbox 309 1534 516 1598; x_wconf 87' lang='lat' dir='ltr'><strong>animantium</strong></span> <span class='ocrx_word' id='word_1_95' title='bbox 528 1537 664 1615; x_wconf 87' lang='lat' dir='ltr'><strong>species,</strong></span> <span class='ocrx_word' id='word_1_96' title='bbox 676 1533 751 1614; x_wconf 90' lang='lat' dir='ltr'><strong>quin</strong></span> <span class='ocrx_word' id='word_1_97' title='bbox 767 1539 799 1594; x_wconf 91' lang='lat' dir='ltr'><strong>et</strong></span> <span class='ocrx_word' id='word_1_98' title='bbox 813 1533 950 1609; x_wconf 87' lang='lat' dir='ltr'><strong>integras</strong></span> <span class='ocrx_word' id='word_1_99' title='bbox 962 1528 1108 1605; x_wconf 81' lang='lat' dir='ltr'><strong>familias,</strong></span> <span class='ocrx_word' id='word_1_100' title='bbox 1133 1524 1200 1586; x_wconf 92' lang='lat' dir='ltr'><strong>aliis</strong></span> <span class='ocrx_word' id='word_1_101' title='bbox 1227 1524 1260 1585; x_wconf 90' lang='lat' dir='ltr'><strong>in</strong></span> 
     </span>
     <span class='ocr_line' id='line_1_13' title="bbox 45 1622 1260 1723; baseline -0.01 -20"><span class='ocrx_word' id='word_1_102' title='bbox 45 1659 156 1704; x_wconf 90' lang='lat' dir='ltr'><strong>earum</strong></span> <span class='ocrx_word' id='word_1_103' title='bbox 172 1642 276 1704; x_wconf 90' lang='lat' dir='ltr'><strong>locum</strong></span> <span class='ocrx_word' id='word_1_104' title='bbox 291 1643 542 1720; x_wconf 89' lang='lat' dir='ltr'><strong>succedentibus,</strong></span> <span class='ocrx_word' id='word_1_105' title='bbox 561 1622 657 1723; x_wconf 89' lang='lat' dir='ltr'><strong>super</strong></span> <span class='ocrx_word' id='word_1_106' title='bbox 672 1650 787 1703; x_wconf 84' lang='lat' dir='ltr'><strong>terram</strong></span> <span class='ocrx_word' id='word_1_107' title='bbox 801 1641 932 1701; x_wconf 91' lang='lat' dir='ltr'><strong>omniuo</strong></span> <span class='ocrx_word' id='word_1_108' title='bbox 953 1635 1083 1716; x_wconf 84' lang='lat' dir='ltr'><strong>periisse</strong></span> <span class='ocrx_word' id='word_1_109' title='bbox 1099 1654 1105 1694; x_wconf 90' lang='lat'>:</span> <span class='ocrx_word' id='word_1_110' title='bbox 1122 1631 1260 1710; x_wconf 87' lang='lat' dir='ltr'><strong>denique</strong></span> 
     </span>
     <span class='ocr_line' id='line_1_14' title="bbox 48 1742 1264 1834; baseline -0.01 -20"><span class='ocrx_word' id='word_1_111' title='bbox 48 1751 185 1814; x_wconf 87' lang='lat' dir='ltr'><strong>animale</strong></span> <span class='ocrx_word' id='word_1_112' title='bbox 200 1767 333 1828; x_wconf 86' lang='lat' dir='ltr'><strong>regnum</strong></span> <span class='ocrx_word' id='word_1_113' title='bbox 351 1752 454 1834; x_wconf 80' lang='lat' dir='ltr'><strong>(idem</strong></span> <span class='ocrx_word' id='word_1_114' title='bbox 477 1753 541 1814; x_wconf 86' lang='lat' dir='ltr'><strong>lere</strong></span> <span class='ocrx_word' id='word_1_115' title='bbox 555 1754 595 1815; x_wconf 90' lang='lat' dir='ltr'><strong>de</strong></span> <span class='ocrx_word' id='word_1_116' title='bbox 608 1750 740 1830; x_wconf 90' lang='lat' dir='ltr'><strong>vegetali</strong></span> <span class='ocrx_word' id='word_1_117' title='bbox 761 1745 955 1827; x_wconf 86' lang='lat' dir='ltr'><strong>dicendum)</strong></span> <span class='ocrx_word' id='word_1_118' title='bbox 980 1761 1043 1809; x_wconf 93' lang='lat' dir='ltr'><strong>non</strong></span> <span class='ocrx_word' id='word_1_119' title='bbox 1065 1743 1147 1805; x_wconf 86' lang='lat' dir='ltr'><strong>intre</strong></span> <span class='ocrx_word' id='word_1_120' title='bbox 1167 1742 1264 1805; x_wconf 86' lang='lat' dir='ltr'><strong>breve</strong></span> 
     </span>
     <span class='ocr_line' id='line_1_15' title="bbox 48 1848 1259 1939; baseline -0.01 -18"><span class='ocrx_word' id='word_1_121' title='bbox 48 1859 187 1938; x_wconf 88' lang='lat' dir='ltr'><strong>spatium</strong></span> <span class='ocrx_word' id='word_1_122' title='bbox 199 1861 335 1922; x_wconf 91' lang='lat' dir='ltr'><strong>duorum</strong></span> <span class='ocrx_word' id='word_1_123' title='bbox 347 1861 497 1922; x_wconf 88' lang='lat' dir='ltr'><strong>solarium</strong></span> <span class='ocrx_word' id='word_1_124' title='bbox 513 1862 646 1936; x_wconf 87' lang='lat' dir='ltr'><strong>dierum,</strong></span> <span class='ocrx_word' id='word_1_125' title='bbox 664 1862 719 1924; x_wconf 85' lang='lat' dir='ltr'><strong>aed</strong></span> <span class='ocrx_word' id='word_1_126' title='bbox 741 1859 929 1939; x_wconf 86' lang='lat' dir='ltr'><strong>successive,</strong></span> <span class='ocrx_word' id='word_1_127' title='bbox 941 1853 1096 1935; x_wconf 80' lang='lat' dir='ltr'><strong>gradatim</strong></span> <span class='ocrx_word' id='word_1_128' title='bbox 1116 1858 1148 1912; x_wconf 90' lang='lat' dir='ltr'><strong>ot</strong></span> <span class='ocrx_word' id='word_1_129' title='bbox 1164 1848 1259 1930; x_wconf 90' lang='lat' dir='ltr'><strong>paul-</strong></span> 
     </span>
     <span class='ocr_line' id='line_1_16' title="bbox 44 1962 1259 2052; baseline -0.009 -20"><span class='ocrx_word' id='word_1_130' title='bbox 44 1969 136 2032; x_wconf 88' lang='lat' dir='ltr'><strong>latim</strong></span> <span class='ocrx_word' id='word_1_131' title='bbox 150 1970 180 2030; x_wconf 91' lang='lat' dir='ltr'><strong>in</strong></span> <span class='ocrx_word' id='word_1_132' title='bbox 194 1969 299 2033; x_wconf 88' lang='lat' dir='ltr'><strong>lucem</strong></span> <span class='ocrx_word' id='word_1_133' title='bbox 313 1971 446 2047; x_wconf 91' lang='lat' dir='ltr'><strong>editum;</strong></span> <span class='ocrx_word' id='word_1_134' title='bbox 462 1980 557 2052; x_wconf 89' lang='lat' dir='ltr'><strong>atque</strong></span> <span class='ocrx_word' id='word_1_135' title='bbox 583 1988 678 2034; x_wconf 90' lang='lat' dir='ltr'><strong>novas</strong></span> <span class='ocrx_word' id='word_1_136' title='bbox 700 1970 883 2034; x_wconf 87' lang='lat' dir='ltr'><strong>animalium</strong></span> <span class='ocrx_word' id='word_1_137' title='bbox 904 1969 1019 2030; x_wconf 88' lang='lat' dir='ltr'><strong>classes</strong></span> <span class='ocrx_word' id='word_1_138' title='bbox 1041 1971 1108 2026; x_wconf 88' lang='lat' dir='ltr'><strong>tum</strong></span> <span class='ocrx_word' id='word_1_139' title='bbox 1127 1962 1259 2023; x_wconf 90' lang='lat' dir='ltr'><strong>demum</strong></span> 
     </span>
     <span class='ocr_line' id='line_1_17' title="bbox 44 2074 1262 2157; baseline -0.007 -18"><span class='ocrx_word' id='word_1_140' title='bbox 44 2078 241 2157; x_wconf 86' lang='lat' dir='ltr'><strong>apparuisse,</strong></span> <span class='ocrx_word' id='word_1_141' title='bbox 256 2096 329 2141; x_wconf 90' lang='lat' dir='ltr'><strong>cum</strong></span> <span class='ocrx_word' id='word_1_142' title='bbox 351 2080 412 2142; x_wconf 86' lang='lat' dir='ltr'><strong>alia</strong></span> <span class='ocrx_word' id='word_1_143' title='bbox 436 2082 536 2142; x_wconf 87' lang='lat' dir='ltr'><strong>multa</strong></span> <span class='ocrx_word' id='word_1_144' title='bbox 560 2080 730 2142; x_wconf 86' lang='lat' dir='ltr'><strong>animantia</strong></span> <span class='ocrx_word' id='word_1_145' title='bbox 750 2096 816 2143; x_wconf 89' lang='lat' dir='ltr'><strong>nou</strong></span> <span class='ocrx_word' id='word_1_146' title='bbox 835 2076 936 2141; x_wconf 90' lang='lat' dir='ltr'><strong>modo</strong></span> <span class='ocrx_word' id='word_1_147' title='bbox 957 2074 1021 2138; x_wconf 90' lang='lat' dir='ltr'><strong>iam</strong></span> <span class='ocrx_word' id='word_1_148' title='bbox 1044 2076 1207 2135; x_wconf 88' lang='lat' dir='ltr'><strong>creverant</strong></span> <span class='ocrx_word' id='word_1_149' title='bbox 1229 2074 1262 2131; x_wconf 90' lang='lat' dir='ltr'><strong>et</strong></span> 
     </span>
     <span class='ocr_line' id='line_1_18' title="bbox 43 2178 1262 2267; baseline -0.007 -19"><span class='ocrx_word' id='word_1_150' title='bbox 43 2185 252 2265; x_wconf 86' lang='lat' dir='ltr'><strong>multiplicata</strong></span> <span class='ocrx_word' id='word_1_151' title='bbox 275 2186 402 2248; x_wconf 82' lang='lat' dir='ltr'><strong>luerent</strong></span> <span class='ocrx_word' id='word_1_152' title='bbox 424 2205 520 2267; x_wconf 82' lang='lat' dir='ltr'><strong>supcr</strong></span> <span class='ocrx_word' id='word_1_153' title='bbox 546 2194 662 2249; x_wconf 89' lang='lat' dir='ltr'><strong>terram</strong></span> <span class='ocrx_word' id='word_1_154' title='bbox 692 2195 723 2250; x_wconf 89' lang='lat' dir='ltr'><strong>ct</strong></span> <span class='ocrx_word' id='word_1_155' title='bbox 745 2203 843 2265; x_wconf 87' lang='lat' dir='ltr'><strong>aquas</strong></span> <span class='ocrx_word' id='word_1_156' title='bbox 856 2185 953 2247; x_wconf 86' lang='lat' dir='ltr'><strong>maris</strong></span> <span class='ocrx_word' id='word_1_157' title='bbox 966 2184 1176 2263; x_wconf 88' lang='lat' dir='ltr'><strong>repleverant,</strong></span> <span class='ocrx_word' id='word_1_158' title='bbox 1203 2178 1262 2242; x_wconf 93' lang='lat' dir='ltr'><strong>sed</strong></span> 
     </span>
     <span class='ocr_line' id='line_1_19' title="bbox 43 2287 1258 2375; baseline -0.006 -18"><span class='ocrx_word' id='word_1_159' title='bbox 43 2295 109 2357; x_wconf 85' lang='lat' dir='ltr'><strong>iam</strong></span> <span class='ocrx_word' id='word_1_160' title='bbox 124 2300 157 2354; x_wconf 88' lang='lat' dir='ltr'><strong>et</strong></span> <span class='ocrx_word' id='word_1_161' title='bbox 168 2296 273 2356; x_wconf 90' lang='lat' dir='ltr'><strong>vivere</strong></span> <span class='ocrx_word' id='word_1_162' title='bbox 289 2303 320 2356; x_wconf 92' lang='lat' dir='ltr'><strong>et</strong></span> <span class='ocrx_word' id='word_1_163' title='bbox 330 2295 534 2375; x_wconf 89' lang='lat' dir='ltr'><strong>multiplicari</strong></span> <span class='ocrx_word' id='word_1_164' title='bbox 547 2302 755 2358; x_wconf 78' lang='lat' dir='ltr'><strong>cessaverant.</strong></span> <span class='ocrx_word' id='word_1_165' title='bbox 764 2295 849 2367; x_wconf 84' lang='lat' dir='ltr'><strong>Quae</strong></span> <span class='ocrx_word' id='word_1_166' title='bbox 861 2294 969 2356; x_wconf 84' lang='lat' dir='ltr'><strong>omnin</strong></span> <span class='ocrx_word' id='word_1_167' title='bbox 980 2307 1044 2355; x_wconf 90' lang='lat' dir='ltr'><strong>non</strong></span> <span class='ocrx_word' id='word_1_168' title='bbox 1056 2287 1258 2352; x_wconf 88' lang='lat' dir='ltr'><strong>intervallum</strong></span> 
     </span>
     <span class='ocr_line' id='line_1_20' title="bbox 43 2400 1262 2484; baseline -0.005 -18"><span class='ocrx_word' id='word_1_169' title='bbox 43 2405 184 2467; x_wconf 88' lang='lat' dir='ltr'><strong>duorum</strong></span> <span class='ocrx_word' id='word_1_170' title='bbox 199 2409 255 2466; x_wconf 87' lang='lat' dir='ltr'><strong>ant</strong></span> <span class='ocrx_word' id='word_1_171' title='bbox 267 2411 407 2484; x_wconf 89' lang='lat' dir='ltr'><strong>quatuor</strong></span> <span class='ocrx_word' id='word_1_172' title='bbox 421 2405 570 2467; x_wconf 89' lang='lat' dir='ltr'><strong>solarium</strong></span> <span class='ocrx_word' id='word_1_173' title='bbox 585 2405 721 2484; x_wconf 90' lang='lat' dir='ltr'><strong>dierum,</strong></span> <span class='ocrx_word' id='word_1_174' title='bbox 736 2405 791 2466; x_wconf 91' lang='lat' dir='ltr'><strong>sed</strong></span> <span class='ocrx_word' id='word_1_175' title='bbox 806 2403 920 2466; x_wconf 90' lang='lat' dir='ltr'><strong>seriem</strong></span> <span class='ocrx_word' id='word_1_176' title='bbox 934 2401 1133 2465; x_wconf 85' lang='lat' dir='ltr'><strong>saeculorum</strong></span> <span class='ocrx_word' id='word_1_177' title='bbox 1149 2400 1262 2477; x_wconf 91' lang='lat' dir='ltr'><strong>postu·</strong></span> 
     </span>
    </p>
   </div>
   <div class='ocr_carea' id='block_1_3' title="bbox 42 2503 1372 2590">
    <p class='ocr_par' dir='ltr' id='par_1_5' title="bbox 42 2503 1372 2590">
     <span class='ocr_line' id='line_1_21' title="bbox 42 2503 1372 2590; baseline -0.007 -18"><span class='ocrx_word' id='word_1_178' title='bbox 42 2511 127 2572; x_wconf 86' lang='lat' dir='ltr'><strong>lant.</strong></span> <span class='ocrx_word' id='word_1_179' title='bbox 141 2511 206 2574; x_wconf 87' lang='lat' dir='ltr'><strong>Hoc</strong></span> <span class='ocrx_word' id='word_1_180' title='bbox 221 2528 296 2573; x_wconf 88' lang='lat' dir='ltr'><strong>vcro</strong></span> <span class='ocrx_word' id='word_1_181' title='bbox 311 2527 374 2574; x_wconf 91' lang='lat' dir='ltr'><strong>uon</strong></span> <span class='ocrx_word' id='word_1_182' title='bbox 387 2513 577 2575; x_wconf 88' lang='lat' dir='ltr'><strong>contrarium</strong></span> <span class='ocrx_word' id='word_1_183' title='bbox 593 2529 662 2574; x_wconf 88' lang='lat' dir='ltr'><strong>esse</strong></span> <span class='ocrx_word' id='word_1_184' title='bbox 684 2513 741 2574; x_wconf 86' lang='lat' dir='ltr'><strong>Dei</strong></span> <span class='ocrx_word' id='word_1_185' title='bbox 753 2512 859 2590; x_wconf 88' lang='lat' dir='ltr'><strong>verbo,</strong></span> <span class='ocrx_word' id='word_1_186' title='bbox 875 2511 930 2574; x_wconf 88' lang='lat' dir='ltr'><strong>sed</strong></span> <span class='ocrx_word' id='word_1_187' title='bbox 945 2508 1050 2573; x_wconf 89' lang='lat' dir='ltr'><strong>solum</strong></span> <span class='ocrx_word' id='word_1_188' title='bbox 1071 2505 1194 2584; x_wconf 89' lang='lat' dir='ltr'><strong>vulgari</strong></span> <span class='ocrx_word' id='word_1_189' title='bbox 1206 2503 1259 2565; x_wconf 88' lang='lat' dir='ltr'><strong>in·</strong></span> <span class='ocrx_word' id='word_1_190' title='bbox 1369 2553 1372 2558; x_wconf 93' lang='lat'>.</span> 
     </span>
    </p>
   </div>
   <div class='ocr_carea' id='block_1_4' title="bbox 42 2615 1347 4104">
    <p class='ocr_par' dir='ltr' id='par_1_6' title="bbox 42 2615 1264 2808">
     <span class='ocr_line' id='line_1_22' title="bbox 42 2615 1263 2701; baseline -0.004 -21"><span class='ocrx_word' id='word_1_191' title='bbox 42 2619 265 2699; x_wconf 86' lang='lat' dir='ltr'><strong>terpretationi</strong></span> <span class='ocrx_word' id='word_1_192' title='bbox 277 2622 486 2701; x_wconf 88' lang='lat' dir='ltr'><strong>quarumdam</strong></span> <span class='ocrx_word' id='word_1_193' title='bbox 500 2638 613 2685; x_wconf 91' lang='lat' dir='ltr'><strong>vocum</strong></span> <span class='ocrx_word' id='word_1_194' title='bbox 624 2639 650 2681; x_wconf 89' lang='lat' dir='ltr'><strong>o.</strong></span> <span class='ocrx_word' id='word_1_195' title='bbox 662 2619 686 2682; x_wconf 93' lang='lat' dir='ltr'><strong>l.</strong></span> <span class='ocrx_word' id='word_1_196' title='bbox 701 2620 871 2700; x_wconf 86' lang='lat' dir='ltr'><strong>Geneseos,</strong></span> <span class='ocrx_word' id='word_1_197' title='bbox 884 2625 916 2681; x_wconf 92' lang='lat' dir='ltr'><strong>et</strong></span> <span class='ocrx_word' id='word_1_198' title='bbox 932 2617 1008 2680; x_wconf 90' lang='lat' dir='ltr'><strong>satis</strong></span> <span class='ocrx_word' id='word_1_199' title='bbox 1019 2615 1190 2697; x_wconf 88' lang='lat' dir='ltr'><strong>probatum</strong></span> <span class='ocrx_word' id='word_1_200' title='bbox 1205 2629 1263 2692; x_wconf 92' lang='lat' dir='ltr'><strong>pu-</strong></span> 
     </span>
     <span class='ocr_line' id='line_1_23' title="bbox 45 2718 1264 2808; baseline 0.002 -21"><span class='ocrx_word' id='word_1_201' title='bbox 45 2732 90 2803; x_wconf 92' lang='lat' dir='ltr'><strong>to,</strong></span> <span class='ocrx_word' id='word_1_202' title='bbox 102 2728 572 2807; x_wconf 86' lang='lat' dir='ltr'><strong>etmeliuscxintcrpretatlone</strong></span> <span class='ocrx_word' id='word_1_203' title='bbox 592 2718 704 2808; x_wconf 89' lang='lat' dir='ltr'><strong>capitis</strong></span> <span class='ocrx_word' id='word_1_204' title='bbox 715 2725 800 2789; x_wconf 87' lang='lat' dir='ltr'><strong>illius</strong></span> <span class='ocrx_word' id='word_1_205' title='bbox 808 2725 1062 2790; x_wconf 80' lang='lat' dir='ltr'><strong>demonstratum</strong></span> <span class='ocrx_word' id='word_1_206' title='bbox 1073 2723 1110 2784; x_wconf 90' lang='lat' dir='ltr'><strong>iri</strong></span> <span class='ocrx_word' id='word_1_207' title='bbox 1123 2720 1264 2789; x_wconf 78' lang='lat' dir='ltr'><strong>conlidov</strong></span> 
     </span>
    </p>

    <p class='ocr_par' dir='ltr' id='par_1_7' title="bbox 42 2818 1347 4104">
     <span class='ocr_line' id='line_1_24' title="bbox 84 2818 1261 2920; baseline -0.004 -22"><span class='ocrx_word' id='word_1_208' title='bbox 84 2818 164 2898; x_wconf 85' lang='lat' dir='ltr'><strong>lllll.</strong></span> <span class='ocrx_word' id='word_1_209' title='bbox 188 2836 219 2896; x_wconf 90' lang='lat' dir='ltr'><strong>Si</strong></span> <span class='ocrx_word' id='word_1_210' title='bbox 233 2839 304 2914; x_wconf 92' lang='lat' dir='ltr'><strong>quis</strong></span> <span class='ocrx_word' id='word_1_211' title='bbox 317 2838 394 2897; x_wconf 85' lang='lat' dir='ltr'><strong>haec</strong></span> <span class='ocrx_word' id='word_1_212' title='bbox 415 2837 520 2899; x_wconf 88' lang='lat' dir='ltr'><strong>omnia</strong></span> <span class='ocrx_word' id='word_1_213' title='bbox 543 2837 758 2916; x_wconf 82' lang='lat' dir='ltr'><strong>phaenomena</strong></span> <span class='ocrx_word' id='word_1_214' title='bbox 773 2843 804 2897; x_wconf 88' lang='lat' dir='ltr'><strong>et</strong></span> <span class='ocrx_word' id='word_1_215' title='bbox 825 2834 982 2920; x_wconf 87' lang='lat' dir='ltr'><strong>fossilium</strong></span> <span class='ocrx_word' id='word_1_216' title='bbox 1004 2832 1261 2896; x_wconf 85' lang='lat' dir='ltr'><strong>distributionem</strong></span> 
     </span>
     <span class='ocr_line' id='line_1_25' title="bbox 46 2943 1347 3027; baseline -0.003 -22"><span class='ocrx_word' id='word_1_217' title='bbox 46 2943 168 3025; x_wconf 85' lang='lat' dir='ltr'><strong>(dicam</strong></span> <span class='ocrx_word' id='word_1_218' title='bbox 178 2961 251 3006; x_wconf 88' lang='lat' dir='ltr'><strong>cum</strong></span> <span class='ocrx_word' id='word_1_219' title='bbox 264 2945 410 3024; x_wconf 87' lang='lat' dir='ltr'><strong>Synnaco</strong></span> <span class='ocrx_word' id='word_1_220' title='bbox 423 2945 432 3027; x_wconf 88' lang='lat'><em>)</em></span> <span class='ocrx_word' id='word_1_221' title='bbox 449 2946 571 3011; x_wconf 82' lang='lat' dir='ltr'><strong>noetioo</strong></span> <span class='ocrx_word' id='word_1_222' title='bbox 584 2946 700 3008; x_wconf 90' lang='lat' dir='ltr'><strong>diluvio</strong></span> <span class='ocrx_word' id='word_1_223' title='bbox 711 2945 883 3025; x_wconf 84' lang='lat' dir='ltr'><strong>adscribat,</strong></span> <span class='ocrx_word' id='word_1_224' title='bbox 899 2947 956 3027; x_wconf 90' lang='lat' dir='ltr'><strong>qui</strong></span> <span class='ocrx_word' id='word_1_225' title='bbox 969 2945 1075 3008; x_wconf 88' lang='lat' dir='ltr'><strong>subito</strong></span> <span class='ocrx_word' id='word_1_226' title='bbox 1088 2958 1260 3021; x_wconf 86' lang='lat' dir='ltr'><strong>crumpens</strong></span> <span class='ocrx_word' id='word_1_227' title='bbox 1345 2978 1347 2983; x_wconf 85' lang='lat'><em>.</em></span> 
     </span>
     <span class='ocr_line' id='line_1_26' title="bbox 44 3049 1263 3131; baseline -0.002 -20"><span class='ocrx_word' id='word_1_228' title='bbox 44 3051 107 3114; x_wconf 91' lang='lat' dir='ltr'><strong>cito</strong></span> <span class='ocrx_word' id='word_1_229' title='bbox 120 3051 255 3122; x_wconf 88' lang='lat' dir='ltr'><strong>transiit,</strong></span> <span class='ocrx_word' id='word_1_230' title='bbox 269 3051 319 3112; x_wconf 87' lang='lat' dir='ltr'><strong>bic</strong></span> <span class='ocrx_word' id='word_1_231' title='bbox 332 3051 472 3130; x_wconf 84' lang='lat' dir='ltr'><strong>proiecto</strong></span> <span class='ocrx_word' id='word_1_232' title='bbox 489 3053 674 3131; x_wconf 87' lang='lat' dir='ltr'><strong>peregrinus</strong></span> <span class='ocrx_word' id='word_1_233' title='bbox 686 3054 774 3115; x_wconf 88' lang='lat' dir='ltr'><strong>estin</strong></span> <span class='ocrx_word' id='word_1_234' title='bbox 788 3055 968 3130; x_wconf 81' lang='lat' dir='ltr'><strong>cognitione</strong></span> <span class='ocrx_word' id='word_1_235' title='bbox 980 3059 1123 3130; x_wconf 89' lang='lat' dir='ltr'><strong>naturae,</strong></span> <span class='ocrx_word' id='word_1_236' title='bbox 1141 3055 1173 3111; x_wconf 92' lang='lat' dir='ltr'><strong>et</strong></span> <span class='ocrx_word' id='word_1_237' title='bbox 1184 3049 1263 3110; x_wconf 89' lang='lat' dir='ltr'><strong>alio·</strong></span> 
     </span>
     <span class='ocr_line' id='line_1_27' title="bbox 44 3158 1264 3240; baseline -0.002 -22"><span class='ocrx_word' id='word_1_238' title='bbox 44 3174 115 3220; x_wconf 84' lang='lat' dir='ltr'><strong>rum</strong></span> <span class='ocrx_word' id='word_1_239' title='bbox 137 3158 238 3220; x_wconf 89' lang='lat' dir='ltr'><strong>oculis</strong></span> <span class='ocrx_word' id='word_1_240' title='bbox 252 3159 347 3231; x_wconf 91' lang='lat' dir='ltr'><strong>videt,</strong></span> <span class='ocrx_word' id='word_1_241' title='bbox 363 3161 389 3220; x_wconf 94' lang='lat' dir='ltr'><strong>si</strong></span> <span class='ocrx_word' id='word_1_242' title='bbox 404 3160 485 3240; x_wconf 89' lang='lat' dir='ltr'><strong>quid·</strong></span> <span class='ocrx_word' id='word_1_243' title='bbox 504 3163 599 3223; x_wconf 91' lang='lat' dir='ltr'><strong>videt.</strong></span> <span class='ocrx_word' id='word_1_244' title='bbox 623 3161 722 3223; x_wconf 81' lang='lat' dir='ltr'><strong>Muris</strong></span> <span class='ocrx_word' id='word_1_245' title='bbox 736 3160 867 3222; x_wconf 69' lang='lat' dir='ltr'><strong>concleae</strong></span> <span class='ocrx_word' id='word_1_246' title='bbox 881 3166 912 3222; x_wconf 87' lang='lat' dir='ltr'><strong>et</strong></span> <span class='ocrx_word' id='word_1_247' title='bbox 927 3159 1073 3222; x_wconf 79' lang='lat' dir='ltr'><strong>buccinae</strong></span> <span class='ocrx_word' id='word_1_248' title='bbox 1099 3173 1200 3238; x_wconf 87' lang='lat' dir='ltr'><strong>quae,</strong></span> <span class='ocrx_word' id='word_1_249' title='bbox 1227 3161 1264 3218; x_wconf 90' lang='lat' dir='ltr'><strong>ut</strong></span> 
     </span>
     <span class='ocr_line' id='line_1_28' title="bbox 44 3263 1263 3348; baseline -0.002 -20"><span class='ocrx_word' id='word_1_250' title='bbox 44 3265 227 3328; x_wconf 81' lang='lat' dir='ltr'><strong>Tertulliani</strong></span> <span class='ocrx_word' id='word_1_251' title='bbox 241 3272 312 3328; x_wconf 89' lang='lat' dir='ltr'><strong>utar</strong></span> <span class='ocrx_word' id='word_1_252' title='bbox 324 3267 437 3343; x_wconf 85' lang='lat' dir='ltr'><strong>verbis,</strong></span> <span class='ocrx_word' id='word_1_253' title='bbox 450 3269 694 3348; x_wconf 76' lang='lat' dir='ltr'><strong>peregrinantur</strong></span> <span class='ocrx_word' id='word_1_254' title='bbox 705 3268 737 3329; x_wconf 86' lang='lat' dir='ltr'><strong>iu</strong></span> <span class='ocrx_word' id='word_1_255' title='bbox 761 3266 928 3343; x_wconf 85' lang='lat' dir='ltr'><strong>montibus,</strong></span> <span class='ocrx_word' id='word_1_256' title='bbox 946 3284 964 3328; x_wconf 87' lang='lat' dir='ltr'><strong>a</strong></span> <span class='ocrx_word' id='word_1_257' title='bbox 978 3263 1096 3328; x_wconf 91' lang='lat' dir='ltr'><strong>diluvio</strong></span> <span class='ocrx_word' id='word_1_258' title='bbox 1109 3264 1165 3326; x_wconf 94' lang='lat' dir='ltr'><strong>illo</strong></span> <span class='ocrx_word' id='word_1_259' title='bbox 1187 3279 1263 3343; x_wconf 92' lang='lat' dir='ltr'><strong>pro·</strong></span> 
     </span>
     <span class='ocr_line' id='line_1_29' title="bbox 43 3373 1261 3454; baseline -0.004 -18"><span class='ocrx_word' id='word_1_260' title='bbox 43 3373 191 3437; x_wconf 84' lang='lat' dir='ltr'><strong>habiliter</strong></span> <span class='ocrx_word' id='word_1_261' title='bbox 202 3373 277 3438; x_wconf 90' lang='lat' dir='ltr'><strong>olim</strong></span> <span class='ocrx_word' id='word_1_262' title='bbox 300 3375 468 3454; x_wconf 90' lang='lat' dir='ltr'><strong>repetenda</strong></span> <span class='ocrx_word' id='word_1_263' title='bbox 491 3375 684 3454; x_wconf 89' lang='lat' dir='ltr'><strong>putabantur</strong></span> <span class='ocrx_word' id='word_1_264' title='bbox 696 3392 705 3450; x_wconf 56' lang='lat'><strong>‘3</strong></span> <span class='ocrx_word' id='word_1_265' title='bbox 720 3392 829 3436; x_wconf 89' lang='lat' dir='ltr'><strong>verum</strong></span> <span class='ocrx_word' id='word_1_266' title='bbox 847 3385 1001 3453; x_wconf 73' lang='lat' dir='ltr'><strong>,rc&#39;nunc</strong></span> <span class='ocrx_word' id='word_1_267' title='bbox 1023 3374 1118 3449; x_wconf 84' lang='lat' dir='ltr'><strong>longe</strong></span> <span class='ocrx_word' id='word_1_268' title='bbox 1130 3387 1261 3433; x_wconf 88' lang='lat' dir='ltr'><strong>accura-</strong></span> 
     </span>
     <span class='ocr_line' id='line_1_30' title="bbox 44 3480 1268 3564; baseline -0.002 -20"><span class='ocrx_word' id='word_1_269' title='bbox 44 3482 106 3544; x_wconf 92' lang='lat' dir='ltr'><strong>tius</strong></span> <span class='ocrx_word' id='word_1_270' title='bbox 118 3482 291 3563; x_wconf 84' lang='lat' dir='ltr'><strong>explorata,</strong></span> <span class='ocrx_word' id='word_1_271' title='bbox 307 3500 434 3544; x_wconf 85' lang='lat' dir='ltr'><strong>omnem</strong></span> <span class='ocrx_word' id='word_1_272' title='bbox 448 3482 524 3545; x_wconf 92' lang='lat' dir='ltr'><strong>hacc</strong></span> <span class='ocrx_word' id='word_1_273' title='bbox 540 3484 647 3564; x_wconf 92' lang='lat' dir='ltr'><strong>opinio</strong></span> <span class='ocrx_word' id='word_1_274' title='bbox 662 3482 917 3562; x_wconf 90' lang='lat' dir='ltr'><strong>probabilitatem</strong></span> <span class='ocrx_word' id='word_1_275' title='bbox 928 3481 1043 3544; x_wconf 87' lang='lat' dir='ltr'><strong>amisit.</strong></span> <span class='ocrx_word' id='word_1_276' title='bbox 1060 3480 1198 3560; x_wconf 84' lang='lat' dir='ltr'><strong>Etsanr,</strong></span> <span class='ocrx_word' id='word_1_277' title='bbox 1215 3480 1268 3541; x_wconf 88' lang='lat' dir='ltr'><strong>tri·</strong></span> 
     </span>
     <span class='ocr_line' id='line_1_31' title="bbox 42 3587 1267 3673; baseline -0.003 -20"><span class='ocrx_word' id='word_1_278' title='bbox 42 3590 216 3654; x_wconf 85' lang='lat' dir='ltr'><strong>buemusne</strong></span> <span class='ocrx_word' id='word_1_279' title='bbox 233 3591 353 3653; x_wconf 91' lang='lat' dir='ltr'><strong>diluvio</strong></span> <span class='ocrx_word' id='word_1_280' title='bbox 380 3592 503 3654; x_wconf 74' lang='lat' dir='ltr'><strong>nottico</strong></span> <span class='ocrx_word' id='word_1_281' title='bbox 518 3592 641 3672; x_wconf 88' lang='lat' dir='ltr'><strong>lapidea</strong></span> <span class='ocrx_word' id='word_1_282' title='bbox 654 3591 876 3671; x_wconf 89' lang='lat' dir='ltr'><strong>zoopbitorum</strong></span> <span class='ocrx_word' id='word_1_283' title='bbox 890 3590 990 3673; x_wconf 89' lang='lat' dir='ltr'><strong>spolia</strong></span> <span class='ocrx_word' id='word_1_284' title='bbox 1015 3607 1097 3672; x_wconf 85' lang='lat' dir='ltr'><strong>quae</strong></span> <span class='ocrx_word' id='word_1_285' title='bbox 1114 3588 1145 3651; x_wconf 93' lang='lat' dir='ltr'><strong>in</strong></span> <span class='ocrx_word' id='word_1_286' title='bbox 1162 3587 1267 3660; x_wconf 80' lang='lat' dir='ltr'><strong>insula</strong></span> 
     </span>
     <span class='ocr_line' id='line_1_32' title="bbox 47 3694 1266 3781; baseline 0.002 -25"><span class='ocrx_word' id='word_1_287' title='bbox 47 3697 163 3777; x_wconf 85' lang='lat' dir='ltr'><strong>Timor,</strong></span> <span class='ocrx_word' id='word_1_288' title='bbox 179 3704 315 3759; x_wconf 88' lang='lat' dir='ltr'><strong>testante</strong></span> <span class='ocrx_word' id='word_1_289' title='bbox 328 3698 441 3779; x_wconf 81' lang='lat' dir='ltr'><strong>Paron,</strong></span> <span class='ocrx_word' id='word_1_290' title='bbox 458 3716 558 3781; x_wconf 88' lang='lat' dir='ltr'><strong>usque</strong></span> <span class='ocrx_word' id='word_1_291' title='bbox 573 3698 613 3761; x_wconf 90' lang='lat' dir='ltr'><strong>ad</strong></span> <span class='ocrx_word' id='word_1_292' title='bbox 626 3699 686 3760; x_wconf 71' lang='lat'><strong>223</strong></span> <span class='ocrx_word' id='word_1_293' title='bbox 701 3698 881 3781; x_wconf 82' lang='lat' dir='ltr'><strong>hexapedas</strong></span> <span class='ocrx_word' id='word_1_294' title='bbox 897 3719 992 3781; x_wconf 87' lang='lat' dir='ltr'><strong>supra</strong></span> <span class='ocrx_word' id='word_1_295' title='bbox 1008 3699 1103 3763; x_wconf 88' lang='lat' dir='ltr'><strong>maris</strong></span> <span class='ocrx_word' id='word_1_296' title='bbox 1127 3694 1266 3759; x_wconf 81' lang='lat' dir='ltr'><strong>libellum</strong></span> 
     </span>
     <span class='ocr_line' id='line_1_33' title="bbox 42 3804 1267 3888; baseline -0.001 -21"><span class='ocrx_word' id='word_1_297' title='bbox 42 3804 208 3867; x_wconf 80' lang='lat' dir='ltr'><strong>elevantur</strong></span> <span class='ocrx_word' id='word_1_298' title='bbox 222 3806 237 3865; x_wconf 75' lang='lat' dir='ltr'><strong>i</strong></span> <span class='ocrx_word' id='word_1_299' title='bbox 250 3805 313 3867; x_wconf 82' lang='lat' dir='ltr'><strong>Aut</strong></span> <span class='ocrx_word' id='word_1_300' title='bbox 327 3814 492 3871; x_wconf 80' lang='lat' dir='ltr'><strong>extensum</strong></span> <span class='ocrx_word' id='word_1_301' title='bbox 509 3807 588 3876; x_wconf 91' lang='lat' dir='ltr'><strong>illud</strong></span> <span class='ocrx_word' id='word_1_302' title='bbox 603 3816 736 3871; x_wconf 86' lang='lat' dir='ltr'><strong>stratum</strong></span> <span class='ocrx_word' id='word_1_303' title='bbox 752 3809 1009 3888; x_wconf 86' lang='lat' dir='ltr'><strong>madreporicum</strong></span> <span class='ocrx_word' id='word_1_304' title='bbox 1023 3809 1267 3870; x_wconf 86' lang='lat' dir='ltr'><strong>subterraneum</strong></span> 
     </span>
     <span class='ocr_line' id='line_1_34' title="bbox 42 3913 1266 3997; baseline -0.001 -22"><span class='ocrx_word' id='word_1_305' title='bbox 42 3913 129 3992; x_wconf 89' lang='lat' dir='ltr'><strong>quod</strong></span> <span class='ocrx_word' id='word_1_306' title='bbox 143 3913 182 3977; x_wconf 85' lang='lat' dir='ltr'><strong>ad</strong></span> <span class='ocrx_word' id='word_1_307' title='bbox 200 3920 370 3993; x_wconf 88' lang='lat' dir='ltr'><strong>utrumque</strong></span> <span class='ocrx_word' id='word_1_308' title='bbox 386 3915 466 3977; x_wconf 90' lang='lat' dir='ltr'><strong>latus</strong></span> <span class='ocrx_word' id='word_1_309' title='bbox 482 3917 602 3978; x_wconf 91' lang='lat' dir='ltr'><strong>montis</strong></span> <span class='ocrx_word' id='word_1_310' title='bbox 617 3915 783 3996; x_wconf 76' lang='lat' dir='ltr'><strong>Pupliosco</strong></span> <span class='ocrx_word' id='word_1_311' title='bbox 799 3917 807 3997; x_wconf 90' lang='lat'>(</span> <span class='ocrx_word' id='word_1_312' title='bbox 821 3919 852 3978; x_wconf 87' lang='lat' dir='ltr'><strong>in</strong></span> <span class='ocrx_word' id='word_1_313' title='bbox 867 3935 943 3994; x_wconf 86' lang='lat' dir='ltr'><strong>agro</strong></span> <span class='ocrx_word' id='word_1_314' title='bbox 958 3916 1140 3978; x_wconf 89' lang='lat' dir='ltr'><strong>Placentino</strong></span> <span class='ocrx_word' id='word_1_315' title='bbox 1154 3913 1186 3977; x_wconf 90' lang='lat' dir='ltr'><strong>in</strong></span> <span class='ocrx_word' id='word_1_316' title='bbox 1202 3914 1266 3974; x_wconf 87' lang='lat' dir='ltr'><strong>lta·</strong></span> 
     </span>
     <span class='ocr_line' id='line_1_35' title="bbox 42 4018 1264 4104; baseline 0.002 -25"><span class='ocrx_word' id='word_1_317' title='bbox 42 4018 96 4100; x_wconf 88' lang='lat' dir='ltr'><strong>lia)</strong></span> <span class='ocrx_word' id='word_1_318' title='bbox 113 4037 147 4082; x_wconf 88' lang='lat' dir='ltr'><strong>se</strong></span> <span class='ocrx_word' id='word_1_319' title='bbox 162 4019 366 4100; x_wconf 83' lang='lat' dir='ltr'><strong>protendens,</strong></span> <span class='ocrx_word' id='word_1_320' title='bbox 384 4021 561 4086; x_wconf 88' lang='lat' dir='ltr'><strong>observavit</strong></span> <span class='ocrx_word' id='word_1_321' title='bbox 571 4023 691 4087; x_wconf 88' lang='lat' dir='ltr'><strong>Cortesi</strong></span> <span class='ocrx_word' id='word_1_322' title='bbox 703 4023 813 4104; x_wconf 62' lang='lat' dir='ltr'><strong>‘iqui</strong></span> <span class='ocrx_word' id='word_1_323' title='bbox 829 4023 923 4084; x_wconf 91' lang='lat' dir='ltr'><strong>etiam</strong></span> <span class='ocrx_word' id='word_1_324' title='bbox 938 4021 1088 4084; x_wconf 84' lang='lat' dir='ltr'><strong>describit</strong></span> <span class='ocrx_word' id='word_1_325' title='bbox 1102 4023 1264 4100; x_wconf 86' lang='lat' dir='ltr'><strong>lapideum</strong></span> 
     </span>
    </p>
   </div>
   <div class='ocr_carea' id='block_1_5' title="bbox 77 4220 1198 4392">
    <p class='ocr_par' dir='ltr' id='par_1_8' title="bbox 77 4220 1198 4392">
     <span class='ocr_line' id='line_1_36' title="bbox 77 4220 1198 4295; baseline -0.004 -20"><span class='ocrx_word' id='word_1_326' title='bbox 77 4224 93 4275; x_wconf 83' lang='lat' dir='ltr'><strong>t</strong></span> <span class='ocrx_word' id='word_1_327' title='bbox 112 4222 276 4290; x_wconf 76' lang='lat' dir='ltr'><strong>tmpttorenr</strong></span> <span class='ocrx_word' id='word_1_328' title='bbox 294 4223 499 4292; x_wconf 83' lang='lat' dir='ltr'><strong>descriptionem</strong></span> <span class='ocrx_word' id='word_1_329' title='bbox 516 4239 543 4278; x_wconf 82' lang='lat' dir='ltr'><strong>v.</strong></span> <span class='ocrx_word' id='word_1_330' title='bbox 561 4238 602 4278; x_wconf 78' lang='lat' dir='ltr'><strong>ev.</strong></span> <span class='ocrx_word' id='word_1_331' title='bbox 620 4239 660 4294; x_wconf 85' lang='lat' dir='ltr'><strong>gr.</strong></span> <span class='ocrx_word' id='word_1_332' title='bbox 681 4223 752 4295; x_wconf 85' lang='lat' dir='ltr'><strong>apud</strong></span> <span class='ocrx_word' id='word_1_333' title='bbox 769 4221 887 4280; x_wconf 85' lang='lat' dir='ltr'><strong>Boudant</strong></span> <span class='ocrx_word' id='word_1_334' title='bbox 905 4220 1065 4292; x_wconf 68' lang='lat' dir='ltr'><strong>Gaulopes</strong></span> <span class='ocrx_word' id='word_1_335' title='bbox 1083 4220 1198 4273; x_wconf 73' lang='lat' dir='ltr'><strong>e-tta.</strong></span> 
     </span>
     <span class='ocr_line' id='line_1_37' title="bbox 78 4320 593 4392; baseline 0.008 -20"><span class='ocrx_word' id='word_1_336' title='bbox 78 4320 98 4372; x_wconf 77' lang='lat'>2</span> <span class='ocrx_word' id='word_1_337' title='bbox 117 4321 202 4391; x_wconf 70' lang='lat' dir='ltr'><strong>Segni</strong></span> <span class='ocrx_word' id='word_1_338' title='bbox 219 4321 322 4390; x_wconf 76' lang='lat' dir='ltr'><strong>ptolog.</strong></span> <span class='ocrx_word' id='word_1_339' title='bbox 343 4337 404 4392; x_wconf 81' lang='lat' dir='ltr'><strong>pag.</strong></span> <span class='ocrx_word' id='word_1_340' title='bbox 422 4322 467 4390; x_wconf 74' lang='lat'><strong>30,</strong></span> <span class='ocrx_word' id='word_1_341' title='bbox 486 4321 529 4389; x_wconf 70' lang='lat' dir='ltr'><strong>bb,</strong></span> <span class='ocrx_word' id='word_1_342' title='bbox 549 4321 593 4378; x_wconf 71' lang='lat'><strong>3⁹.</strong></span> 
     </span>
    </p>
   </div>
   <div class='ocr_carea' id='block_1_6' title="bbox 0 0 1490 5002">
    <p class='ocr_par' dir='ltr' id='par_1_9' title="bbox 0 0 1490 5002">
     <span class='ocr_line' id='line_1_38' title="bbox 0 0 1490 5002; baseline 0 2"><span class='ocrx_word' id='word_1_343' title='bbox 0 0 1490 5002; x_wconf 95' lang='lat' dir='ltr'><strong> </strong></span> 
     </span>
    </p>
   </div>
  </div>
 </body>
</html>
