2970 5002
232 320 291 384 tot

230 454 317 542 qaod
337 455 525 523 Ambrosius
547 453 703 536 lleaaae'n'a,
718 457 752 519 il
766 509 773 539 ‚
788 460 819 540 d,
842 458 929 523 illam
943 457 1126 541 opinionem
1140 441 1284 523 refellere
1299 436 1433 527 videturl
1468 474 1474 495 ·

232 568 412 649 Hieronymi
433 583 560 649 quoque
582 567 675 630 rerba
697 566 867 647 benignam
889 569 1052 651 patiuntur
1066 562 1370 648 interpretationem,
1393 573 1435 654 qui
1468 570 1479 612 i

232 686 394 761 praeterea
414 678 454 741 ah
478 677 531 739 illa
553 678 708 741 sententia
730 678 877 758 pluribus
899 679 929 740 in
946 659 1068 742 lauisse
1082 678 1221 741 alienum
1247 679 1432 770 ostendite
1469 678 1479 720 i

233 784 409 852 doctrinam
424 785 617 867 quaerentia
630 795 727 876 putat»
743 777 932 868 enimdntia,
942 776 1082 850 errorem
1095 777 1327 862 haereticoram
1341 789 1433 870 appel·
1470 788 1479 830 ¹

235 895 289 961 lat.
315 900 512 979 Augustinus
540 899 618 963 olim
639 899 678 960 de
699 885 982 962 astrorum'anima
1004 894 1182 974 dubitavit;
1205 911 1319 960 verum
1339 905 1429 978 postea
1471 900 1479 937 ⁵

234 1011 305 1071 lum
328 1008 414 1085 alibi,
437 1014 506 1072 tum
528 993 566 1071 in'
580 1008 606 1072 ll
627 1006 765 1070 Retract.
792 1021 820 1069 c.
843 1003 896 1068 Vll
919 1004 1058 1068 ostendit
1079 1005 1111 1066 in
1133 1018 1169 1066 ea
1184 1020 1218 1066 se
1245 986 1430 1070 oh'firmatun
1472 1007 1479 1065 t

233 1114 387 1179 sententia
402 1109 421 1192 ,³
436 1095 521 1178 astra
540 1111 645 1178 anima
666 1124 824 1195 sensuque
847 1111 976 1178 omnino
998 1128 1115 1175 carere.
1127 1100 1326 1180 lastinianus
1341 1099 1431 1193 'lmpe-
1473 1116 1476 1153 ³

235 1217 322 1290 rator
341 1225 374 1288 iu
397 1224 502 1308 Epist„
520 1224 560 1288 ad
583 1222 610 1285 V
631 1224 795 1306 Synodum
818 1208 969 1286 adversus
992 1221 1137 1304 origenis
1165 1239 1314 1304 errores,
1350 1222 1435 1302 Orige·
1474 1224 1479 1262 r

235 1338 308 1396 nem
329 1334 434 1416 ipsum
455 1332 583 1400 accusat
604 1334 761 1397 amentiae
779 1333 1039 1415 ,quodcoolum,
1055 1332 1172 1408 solem,
1197 1332 1307 1395 lunam
1328 1346 1362 1394 ec
1380 1330 1434 1393 stel·
1468 1330 1479 1431 ᾖ

238 1442 284 1504 las
307 1447 339 1504 et
359 1460 457 1523 aquas
477 1459 559 1525 quae
579 1451 654 1506 sunt
675 1458 771 1523 sapor
793 1440 900 1505 coelos
914 1491 922 1518 ,
935 1450 938 1455 ’
952 1439 1089 1504 animata
1108 1423 1330 1503 essedixerit:
1354 1446 1381 1501 et
1396 1441 1434 1502 in·

236 1561 296 1614 ter
309 1543 612 1628 anathematismos,
635 1551 690 1633 qui
704 1551 855 1633 epistotae
868 1549 1000 1615 subiecti
1013 1555 1089 1614 sunt
1107 1599 1114 1625 ‚
1132 1554 1241 1612 sextus
1264 1554 1325 1613 es't:
1340 1544 1435 1631 Siquis

237 1658 328 1742 dicit,
342 1659 461 1724 coelam
474 1668 504 1725 et
530 1659 626 1724 solem
649 1677 685 1724 ec
702 1659 808 1728 lanam
823 1667 852 1723 et
866 1659 991 1738 stellae,
1014 1653 1133 1722 neeriae
1157 1674 1258 1740 aquae
1286 1676 1362 1740 quae
1381 1663 1436 1722 raet
1477 1664 1479 1686 ¹

234 1772 334 1848 lepra
355 1765 455 1834 coelos
481 1769 638 1833 animatas
667 1776 697 1833 et
725 1768 896 1832 rationales
919 1767 996 1849 (alii
1019 1767 1143 1830 ratione
1160 1764 1358 1849 praeditas)
1387 1783 1436 1830 eur

236 1872 550 1958 qaacdomoirtutes,
574 1876 737 1940 anathema
762 1877 816 1939 sit.
844 1876 951 1941 Refert
974 1876 1033 1939 hos
1057 1876 1341 1940 anathematismos
1364 1874 1436 1940 Nire-

236 1984 358 2063 phoras
369 1985 491 2048 Callisti
508 1990 522 2039 1
541 2001 659 2066 eosque
672 1987 712 2048 ah
733 1988 800 2066 ipsa
815 1986 943 2066 Synodo
968 1967 1189 2068 pronuntiatos
1214 1984 1335 2050 scribit.
1358 1984 1436 2051 limi-

234 2106 361 2156 ramex
374 2094 540 2157 Iustiniani
554 2093 688 2175 epistola
713 2094 786 2157 illos
802 2105 1019 2175 sumpserunt,
1043 2103 1075 2173 et
1098 2087 1290 2187 auctoritate
1311 2094 1436 2178 synodica

236 2210 323 2267 ratos
337 2199 482 2265 iecerunt
495 2199 656 2283 Episcopi,
674 2202 759 2283 quod
776 2209 908 2266 testatur
923 2191 1095 2267 Cedrenus.

280 2299 447 2375 caietanus
457 2312 566 2376 coelos
579 2313 737 2391 anlmatos
751 2313 885 2376 asseruit
902 2314 919 2365 2
937 2364 944 2393 ,
968 2312 1127 2377 Ecclesiae
1151 2315 1254 2380 fretus
1279 2317 1439 2380 auctoritate

241 2410 367 2502 quaein
381 2437 470 2485 sacra
483 2421 647 2499 Lithurgia
662 2421 758 2482 canit:
772 2421 854 2485 Coeli
867 2422 1081 2505 coelorumque
1095 2423 1245 2503 uirtutes,
1261 2442 1299 2489 ac
1312 2424 1396 2489 beata
1406 2423 1440 2486 Se·

240 2529 376 2611 raphim.
390 2530 571 2609 iudignum,
587 2512 691 2610 inquii
704 2511 861 2607 Petavius,
876 2532 961 2595 acuti
982 2532 1100 2612 ingenii
1113 2532 1278 2613 Theologo
1293 2552 1331 2596 ac
1353 2514 1440 2615 plebe·

238 2639 308 2702 ium
322 2639 501 2718 argumenti
516 2618 629 2718 genus,
644 2638 732 2718 quod
747 2641 773 2701 si
787 2639 887 2704 ullam
910 2639 974 2702 rim
990 2639 1099 2720 habet,
1125 2640 1239 2704 eodem
1255 2647 1289 2703 et
1302 2644 1442 2705 terranet

243 2747 400 2824 elementa
414 2745 537 2825 omnia,
548 2764 584 2808 ac
598 2746 677 2809 nihil
691 2763 757 2810 non
769 2749 905 2827 denique
919 2746 1092 2811 animatum
1103 2762 1173 2810 esse
1188 2749 1372 2814 confeceris:
1387 2763 1441 2812 nan

242 2852 322 2917 haec
336 2856 442 2919 omnia
457 2855 503 2918 sic
517 2856 676 2920 interdum
690 2857 854 2938 Scriptura
878 2865 1123 2940 commemorat,
1148 2858 1314 2940 tamquam
1335 2859 1371 2923 iis
1388 2857 1442 2921 ani·

240 2980 327 3028 mam
342 2982 379 3028 ao
394 2965 542 3047 spiritum
557 2974 589 3030 et
603 2969 757 3030 rationem
773 2967 902 3044 tribuat3
918 2970 1004 3049 quod
1018 2969 1137 3049 tropice
1152 2977 1184 3031 et
1197 2965 1442 3050 figurateintelli·

243 3074 384 3152 gendum
399 3091 481 3154 esse,
498 3091 537 3137 ne
553 3075 659 3154 pueris
674 3075 805 3155 quidem
821 3075 968 3154 ignorare
979 3076 1062 3138 lieet.

284 3180 360 3244 th.
375 3182 408 3244 S.
422 3180 559 3246 Thomas
576 3182 689 3247 Contra
707 3182 819 3246 Geater
840 3182 877 3245 ll.
894 3191 1053 3247 astrorum
1067 3184 1191 3249 animae
1205 3185 1313 3252 lavere
1328 3186 1441 3251 ridetur:

241 3307 352 3353 verum
368 3309 394 3353 o.
412 3289 492 3355 Lxx
505 3303 614 3372 aperte
641 3292 820 3373 profitetur,
836 3311 918 3374 quae
942 3294 981 3356 de
998 3294 1050 3358 illa
1065 3296 1252 3375 quaestione
1266 3297 1366 3362 veluti
1378 3296 1444 3359 affir-

241 3397 359 3459 mando
374 3397 465 3475 dixit,
482 3415 545 3462 non
560 3416 594 3461 se
609 3399 700 3480 quasi
722 3400 889 3464 asserendo
901 3401 1025 3465 dixisse
1050 3402 1218 3466 secuudum
1243 3405 1321 3485 fidei
1344 3394 1445 3493 doctri·

241 3494 327 3596 riom,
340 3504 382 3566 od
396 3520 490 3585 quom
503 3507 584 3570 eihil
592 3507 816 3588 praedicaturae
829 3510 875 3574 sia
888 3510 954 3573 siue
969 3510 1066 3574 aliter
1077 3512 1239 3575 dicotur«
1253 3513 1446 3588 Quamobrem

249 3634 262 3669 r
276 3613 489 3694 aitPetavius,
502 3623 632 3679 eatenus
647 3618 835 3681 sententiam
848 3636 939 3683 suam
954 3620 1064 3700 edidit,
1076 3627 1113 3683 ut
1128 3628 1276 3684 neutram
1292 3623 1326 3687 in
1343 3631 1447 3706 purten

246 3739 264 3783 a
280 3716 524 3801 pronuntiatum
539 3736 607 3785 esse
620 3723 660 3784 ah
674 3723 814 3788 Ecclesia
827 3726 950 3805 dixerit,
967 3744 1039 3792 cum
1055 3729 1182 3810 quintae
1192 3728 1318 3811 Syuodi
1332 3730 1398 3797 acta
1410 3729 1451 3794 de·

246 3848 265 3890 u
283 3836 428 3911 cretaque
454 3832 494 3896 de
506 3834 640 3912 Origene
655 3849 717 3897 non
733 3840 869 3900 exstent.
884 3836 928 3900 De
943 3839 1033 3929 auius
1046 3844 1152 3902 tamen
1164 3843 1359 3906 auctoritate
1370 3847 1400 3905 et
1411 3841 1451 3902 iu·

250 3955 270 3996 u
285 3941 367 4003 dioto
382 3957 445 4004 non
460 3956 555 4022 posse
570 3944 665 4006 modo
680 3933 819 4008 dubitari
834 3944 981 4010 arbitror:
999 3946 1095 4031 idque
1110 3953 1179 4011 tum
1192 3964 1234 4010 ex
1249 3949 1414 4015 lastiniani
1424 3967 1454 4012 e·

252 4069 266 4108 «
280 4048 406 4129 pistola,
422 4055 454 4110 et
466 4049 736 4114 anathematismis
750 4053 867 4115 ihidem
882 4050 1047 4136 expositis,
1062 4062 1129 4117 lum
1145 4072 1183 4118 ex
1198 4040 1373 4139 Nicephori
1387 4058 1453 4123 alio·

256 4179 270 4215 e
285 4173 421 4239 rumque
449 4160 666 4226 testificatione
695 4162 772 4225 satis
796 4171 963 4228 constare:
993 4167 1117 4232 tametsi
1146 4183 1210 4231 nou
1238 4184 1401 4251 eousque,
1430 4172 1454 4231 ut

284 4302 348 4351 11..
369 4312 433 4364 xrn,
453 4313 492 4352 cc.
512 4299 612 4363 2732ss.

290 4393 356 4449 cv.
376 4405 467 4450 contra
485 4376 543 4451 cum
563 4399 698 4455 liuthario.
718 4402 745 4454 in
761 4403 789 4456 G.
810 4407 835 4456 1.
854 4405 917 4458 Gen.
