2970 5002
1208 287 1248 354 ot

32 413 126 483 initio
141 423 214 481 anta
229 414 367 483 diessen
383 420 511 485 molitus
522 421 560 486 rit
575 417 669 503 bens,
688 421 743 484 sed
758 432 827 483 etse
842 406 990 500 generale
1006 425 1167 505 quoddam
1180 427 1254 489 effa·

36 534 118 602 tum,
136 542 200 604 quo
214 525 320 610 omnia
336 543 418 606 quae
437 536 542 591 sunta
557 528 624 591 lieo
639 527 720 590 iacta
734 526 837 591 utores
850 531 1036 608 complexus
1056 532 1110 611 sit,
1125 530 1180 612 qui
1195 549 1252 613 po·
1270 515 1272 519 ¹
1335 518 1338 525 ¹

28 641 98 695 stea
109 650 166 712 per
178 640 283 712 partes
298 649 335 693 ac
349 633 542 715 singillatim,
558 641 594 720 ut
617 652 761 716 quaeque
790 651 841 696 res
856 635 905 696 cst
918 636 1089 715 elaborata,
1107 655 1177 706 eam
1192 643 1252 701 de-

30 738 170 818 scripsit.
184 738 269 800 lienc
282 740 471 801 sententiam
485 742 652 820 amplexus
668 751 736 803 erat
747 740 883 821 Cyrillus
896 740 1127 809 Alexandrinus
1142 747 1166 821 ¹,
1183 749 1252 810 eius

28 861 92 924 que
108 845 354 906 meminiretiam
375 842 577 931 Augustinus
592 845 618 907 θ.
631 838 712 917 Quih
729 847 792 909 imo
806 847 880 908 alibi
896 847 913 900 ³
937 858 1164 913 commemorat
1176 859 1256 912 tam-

26 967 127 1028 quam
154 967 217 1011 non
240 950 493 1028 improbabilem.
511 951 701 1013 Eumdems.
717 951 852 1014 Thomas
867 953 1120 1032 *chrysostomo
1132 955 1252 1017 tribuit:

28 1073 140 1118 verum
165 1059 216 1119 bic
239 1076 302 1120 non
327 1059 368 1119 ita
383 1057 528 1118 docuisse
543 1058 604 1143 ipsi
623 1058 751 1121 Petavio
766 1059 901 1123 videtur.
922 1059 1063 1124 Meminit
1073 1061 1167 1125 huius
1183 1062 1256 1142 opi-

26 1163 134 1226 nionis
156 1169 251 1227 etiarn
270 1168 404 1228 Basilius
422 1163 452 1242 ὅ,
467 1165 523 1227 sed
537 1167 577 1228 ab
593 1166 644 1228 iila
656 1150 812 1230 dissentit.

59 1274 143 1336 Aliis
152 1255 265 1336 multis
281 1264 530 1336 dissentiendum
547 1275 682 1353 videtur,
695 1283 737 1354 et,
752 1278 777 1337 si
791 1274 868 1357 quid
880 1275 1060 1355 video,iure
1067 1277 1254 1357 meritoque.

19 1382 99 1444 Non
114 1382 197 1443 enim
213 1388 320 1462 postea
335 1390 482 1444 narratur
514 1383 657 1444 materiei
678 1386 815 1460 creatio,
840 1387 895 1448 scd
919 1385 1120 1465 supponitur.
1140 1384 1253 1448 Statim

29 1494 112 1568 post
135 1488 188 1549 illa
203 1488 297 1550 verba
312 1489 489 1552 invenimus
504 1496 624 1553 terrem
646 1491 769 1553 iconem
780 1499 809 1555 et
823 1510 974 1569 vacnum,
998 1491 1155 1572 abyssum,
1170 1500 1203 1554 et
1216 1511 1255 1555 u·

21 1612 225 1676 cautequae,
248 1594 548 1676 quomodocumque
567 1595 782 1676 explicentur,
805 1614 977 1678 corporeae
988 1607 1152 1660 creaturae
1164 1607 1253 1672 sunu

23 1709 140 1782 postea
157 1718 230 1765 vero
246 1704 415 1766 materiam
437 1702 658 1793 iamridemus
673 1712 823 1779 creatam,
840 1723 880 1766 ex
895 1721 931 1765 ea
944 1705 1027 1766 enim
1044 1703 1126 1765 varia
1139 1719 1257 1783 eorpoe

21 1827 72 1885 ra,
90 1817 123 1871 et
136 1812 239 1891 ipsum
255 1811 342 1873 Adae
356 1826 471 1890 corpus
484 1808 704 1873 coniiciuntur.
721 1813 889 1874 Astrorum
901 1812 1187 1891 materiamquarto
1200 1810 1256 1875 die

27 1924 169 1978 creatam
193 1915 311 1991 fuisse,
337 1917 500 1996 probabile
523 1935 585 1980 non
608 1925 679 1999 est;
695 1923 726 1979 ei
741 1919 884 1980 Petavius
899 1919 966 1999 ipse
988 1918 1006 1970 6
1023 1935 1092 1979 eam
1107 1917 1147 1979 ab
1161 1916 1253 1981 initio

21 2031 165 2087 creatam
182 2024 282 2104 ponit.
297 2023 388 2088 Adde
402 2026 488 2106 quod
504 2026 559 2106 qui
575 2026 619 2089 ita
637 2028 780 2090 sentiunt
797 2044 1005 2107 supposuere,
1018 2026 1096 2089 iliud
1111 2026 1144 2087 io
1153 2025 1250 2110 prin-

24 2134 115 2213 cipio
132 2116 235 2196 totum
249 2151 305 2196 sex
322 2134 444 2196 dierum
458 2134 657 2197 intervallum
668 2135 949 2215 comprehendere,
968 2134 1066 2217 quod,
1083 2143 1172 2217 puto,
1185 2117 1261 2197 non

18 2241 178 2313 iacerent,
204 2241 230 2301 si
252 2256 338 2301 nunc
362 2241 502 2301 viverent
529 2246 561 2301 et
592 2246 708 2300 statum
724 2241 911 2302 hodiernum
927 2237 1079 2301 naturalis
1101 2240 1248 2303 scientiae

22 2346 441 2428 cognoscerentPraeterea
456 2336 781 2426 probavi'mushlosen
794 2347 896 2427 primo
906 2331 1060 2409 uersiculo
1071 2347 1185 2410 docere
1196 2364 1247 2407 ve-

21 2474 101 2519 ram
118 2468 224 2514 rerum
251 2456 439 2515 creationem
456 2470 495 2514 ex
508 2451 616 2514 nihilo:
626 2453 663 2514 in
678 2452 800 2533 reliquo
812 2453 913 2533 capite
927 2451 1074 2514 describit
1085 2451 1247 2515 formatio·

12 2579 101 2626 nem
118 2578 224 2623 rerum
240 2576 278 2623 ex
293 2560 353 2622 iarn
370 2569 472 2622 create
486 2549 628 2635 materia}
645 2578 720 2638 ergo
737 2561 898 2623 nunidem
915 2560 1008 2622 docet
1023 2579 1051 2619 v.
1070 2563 1098 2622 1.
1115 2576 1246 2637 genera·

12 2671 94 2746 tim,
110 2674 142 2728 et
156 2667 362 2747 sequentibus
376 2666 571 2730 enucleatius
582 2682 618 2729 ac
631 2685 689 2747 per
700 2675 819 2747 partes3
831 2666 888 2728 sed
903 2665 1025 2727 diversa
1037 2665 1141 2744 docet,
1156 2681 1244 2726 nem-

18 2794 66 2856 pe
82 2777 187 2855 primo
203 2776 395 2838 creationem
410 2775 551 2837 materiei
573 2792 637 2836 nnn
653 2773 830 2853 existentis,
843 2781 952 2853 postca
964 2771 1185 2835 formationem
1198 2789 1246 2832 re-

11 2901 94 2946 rum
107 2881 318 2950 materialium
333 2901 373 2944 ex
387 2884 518 2946 materia
543 2883 604 2945 iam
620 2883 784 2958 existente,
803 2881 927 2944 &eavit
951 2891 987 2943 ut
1010 2880 1128 2960 fuceret
1145 2878 1184 2959 (ll
1201 2877 1246 2958 3l:

16 2991 131 3068 primo
147 2989 240 3051 docet
253 2990 352 3052 Deum
369 2991 401 3052 in
424 2989 581 3070 principio
593 3005 727 3065 creasse,
744 2993 853 3068 postea
880 3003 953 3048 eum
982 2987 1173 3064 intempore
1198 2984 1247 3055 fes

12 3097 117 3159 cisse.
142 3097 379 3161 Advertendum
405 3105 454 3159 est
479 3096 551 3159 illos
568 3095 771 3176 quibuscum*
788 3110 871 3157 nunc
897 3094 1107 3173 disputamus,
1125 3097 1244 3167 tenere,

16 3205 216 3267 creationem
241 3223 347 3268 rerum
359 3222 399 3267 ex
411 3205 512 3268 nihilo
526 3197 698 3265 revelatam
724 3217 794 3263 esse
808 3197 1079 3263 doctrinamlam
1091 3197 1250 3258 dicemus.
1299 3184 1327 3206 ⁸

14 3330 62 3374 ne
75 3313 184 3375 Mosen
200 3332 264 3377 aon
279 3314 320 3375 ita
334 3313 575 3394 intelligendum
594 3333 600 3372 :
627 3312 666 3373 Io
673 3310 832 3391 principio
846 3312 929 3372 Dens
943 3305 1063 3370 creavit
1082 3304 1247 3399 coctumst
1302 3360 1307 3375 ,

12 3427 156 3480 terrane:
169 3419 242 3482 haec
266 3427 371 3482 cutem
384 3420 542 3482 statimne
564 3404 672 3479 crecta
694 3424 752 3493 est,
769 3417 873 3479 inanis
888 3426 958 3480 eret
979 3421 1041 3476 etc.
1058 3411 1113 3474 sed
1127 3411 1182 3472 ita:
1203 3409 1241 3470 Ia

10 3523 176 3603 principio
198 3527 318 3592 creavit
342 3529 425 3589 Dens
448 3523 565 3588 coelum
578 3529 609 3586 et
625 3531 744 3586 terrum
754 3543 766 3603 ,·
782 3531 813 3590 et
828 3540 894 3590 cccc
916 3519 1062 3604 prrontodo
1084 3517 1137 3588 hoc
1158 3517 1241 3580 Deus

52 3782 121 3841 1‚L.
141 3783 174 3831 11.
195 3774 295 3828 contra
311 3774 432 3832 letica„

50 3879 71 3929 2
91 3881 103 3930 t
121 3875 228 3927 DeGen.
245 3871 280 3923 ad
292 3860 372 3922 ht'c.
385 3872 413 3933 33
427 3879 453 3923 et
465 3873 585 3928 consess.
600 3878 657 3932 ΧΠ.
671 3890 694 3931 c.
712 3875 754 3930 tt.

47 3977 67 4027 3
86 3975 183 4026 contra
201 3968 306 4021 advers.
328 3964 407 4033 Legis
426 3968 445 4018 l.
463 3973 485 4021 1.

45 4073 65 4123 t
88 4070 115 4121 Ρ.
135 4069 157 4118 1.
176 4080 204 4132 q·
223 4061 337 4116 bxvut.
356 4075 396 4114 ar.
417 4067 442 4134 1,
461 4065 495 4117 ad
514 4069 541 4119 1.
632 4068 634 4072 '

45 4169 66 4220 o
88 4165 167 4215 Hom.
188 4164 214 4217 3.

42 4261 586 4336 ut.1.r.x.§ll;otc.xti,§r.
