2984 5004
228 310 267 372 {ld

230 447 329 525 globi,
345 451 512 525 antequam
529 445 567 506 ab
583 445 709 508 homine
724 440 929 517 habitaretur,
946 435 1039 515 longa
1055 433 1206 515 temporis
1220 434 1319 514 spatia
1335 434 1451 499 viden-

230 562 283 616 tur
300 554 468 632 requirere,
489 554 548 614 hoc
560 560 642 613 esset
658 553 815 626 integrum
833 554 1002 609 tractatum
1022 543 1281 624 philosophicum
1302 545 1452 609 conseri-

229 662 315 737 bere,
336 678 415 740 quae
437 667 542 739 sparta
559 661 783 736 theologorum
800 673 862 718 non
876 664 935 717 est.
959 654 1036 731 Ego,
1054 659 1090 714 ut
1104 652 1335 715 nonnullorum
1358 653 1448 715 desi-

229 767 318 830 derio
358 766 582 842 satisfacerem,
601 785 662 846 qua
679 767 769 845 potui
786 765 938 825 brevitate
950 760 1019 823 heic
1031 758 1199 839 praecipua
1216 761 1343 838 collegi.
1480 852 1481 855 Ἴ

269 875 441 938 hiultorum
458 876 516 939 fuit
532 876 697 952 sententie,
720 875 752 935 in
768 870 923 952 principio
938 875 1037 932 totam
1052 868 1176 929 telluris
1191 869 1354 930 materiam
1372 887 1449 932 cum

232 985 363 1045 materia
375 985 463 1060 solis,
482 985 586 1064 lunae,
602 991 826 1063 astrorumque
848 983 1003 1056 omnium,
1025 978 1168 1040 inunum
1186 995 1321 1039 massam
1337 979 1449 1040 incon·

232 1089 330 1151 ditem
345 1099 377 1152 et
400 1091 589 1169 indigestam
617 1091 782 1152 confusam
797 1089 894 1151 fuisse
914 1095 947 1148 et
960 1085 1058 1147 veluti
1083 1085 1317 1162 conglobatam3
1342 1086 1450 1147 cuius-

231 1196 320 1258 modi
334 1196 435 1259 Chaos
460 1206 508 1259 est
522 1197 647 1260 Hesiodi
660 1205 691 1258 et
705 1196 804 1260 Ovidii
823 1199 849 1256 1.
866 1194 1055 1274 Complures
1069 1193 1286 1273 antiquorum,
1308 1192 1352 1254 ait
1363 1193 1454 1255 Peta-

232 1306 302 1364 vius
320 1303 347 1381 ²,
363 1303 454 1366 initio
470 1321 577 1366 rerum
598 1312 714 1366 etanta
735 1303 857 1365 dierum
881 1320 936 1364 sex
958 1318 1068 1382 opera,
1092 1300 1228 1362 informo
1243 1299 1396 1380 quiddam
1424 1306 1455 1360 et

230 1391 427 1474 inconditum
442 1431 460 1474 a
474 1412 538 1474 Dee
554 1419 754 1491 procreatum
769 1419 899 1473 censent
914 1424 921 1487 ρ
945 1409 1033 1490 quod
1048 1401 1119 1475 ianr
1141 1409 1191 1470 vel
1212 1409 1377 1470 materiam
1398 1424 1453 1487 ap

232 1520 363 1599 pellant.
377 1516 573 1597 Augustinus
593 1521 616 1582 l.
631 1522 675 1582 De
691 1521 764 1582 Gen.
783 1527 883 1583 contr.
904 1520 1037 1583 ueniet.
1053 1537 1081 1581 c.
1095 1519 1126 1580 5.
1149 1537 1164 1575 a
1181 1515 1285 1578 Prima
1305 1517 1453 1593 materia,

234 1647 252 1685 o
269 1627 394 1705 inquit,
417 1627 499 1687 facta
519 1635 567 1688 est
588 1627 720 1689 confusa
747 1634 778 1688 et
804 1627 947 1689 informis
962 1624 1081 1702 ,'uado
1104 1622 1210 1685 omnia
1234 1622 1345 1684 herent
1373 1639 1454 1700 quae

233 1755 251 1796 a
267 1735 412 1796 distincta
425 1743 520 1816 atque
532 1736 665 1798 formata
680 1743 754 1799 sunt
770 1758 776 1798 :
800 1737 887 1817 quod
901 1735 999 1798 credo
1014 1753 1030 1796 a
1043 1733 1169 1795 Graecis
1190 1727 1263 1806 χάος
1284 1731 1450 1810 appellari.

239 1863 253 1900 a
268 1842 319 1903 Sie
340 1843 424 1902 enim
446 1851 478 1904 et
504 1842 565 1905 alio
594 1844 663 1906 loce
693 1840 827 1922 legimus
849 1846 968 1931 dietum
989 1842 1022 1902 in
1046 1839 1193 1901 laudibus
1219 1838 1299 1899 Dei:
1327 1839 1383 1918 qui
1410 1838 1429 1918 s
1442 1871 1455 1885 -

235 1969 253 2008 <r
268 1948 341 2009 cisti
364 1949 511 2013 mundum
536 1949 573 2012 de
597 1953 734 2014 materia
762 1951 912 2032 informi:
943 1947 1028 2029 quod
1056 1946 1153 2026 aliqui
1176 1946 1301 2007 codices
1336 1946 1457 2008 habent

236 2077 253 2116 a
269 2056 305 2118 de
327 2058 462 2119 materie
496 2060 599 2121 inviso
625 2079 654 2121 a.
684 2060 723 2122 m
747 2078 774 2122 o.
791 2064 821 2120 ’1.
858 2056 1040 2121 «informis
1067 2056 1120 2117 ille
1142 2055 1397 2132 materia,.quam
1412 2055 1452 2116 do

240 2185 253 2221 e
270 2163 369 2226 nihilo
389 2164 472 2228 Deus
496 2166 579 2242 iecit,
596 2167 752 2246 appellata
772 2176 821 2227 est
845 2165 947 2245 primo
962 2164 1086 2227 coelum
1107 2174 1140 2226 et
1162 2170 1254 2237 terra,
1279 2172 1311 2224 et
1331 2162 1453 2228 dictum

242 2293 257 2327 a
270 2281 328 2333 est:
345 2271 383 2334 In
393 2274 551 2354 principio
563 2273 637 2352 fecit
647 2276 729 2336 Deus
743 2271 861 2334 eoelum
875 2280 905 2334 et
918 2279 1049 2334 terram:
1060 2287 1122 2332 non
1134 2273 1208 2352 quia
1221 2270 1284 2330 iam
1299 2270 1451 2345 hocerat,

235 2401 254 2442 e
270 2383 325 2443 sed
339 2385 412 2462 quia
425 2383 485 2445 hoc
497 2400 567 2445 esse
591 2388 725 2463 poterat.
747 2381 871 2443 Nam'ot
885 2382 1008 2443 coelum
1026 2382 1174 2443 scribitur
1190 2387 1299 2459 postea
1313 2378 1447 2446 laetum.

237 2510 255 2548 a
270 2489 542 2562 Quemadmodum
558 2491 584 2553 si
608 2506 715 2552 samen
737 2490 858 2553 arboris
881 2490 1125 2569 considerantes,
1140 2491 1296 2570 dicamus,
1316 2489 1360 2552 ibi
1382 2506 1452 2578 esse

241 2619 254 2658 a
271 2600 391 2661 radices
405 2609 437 2662 et
461 2600 557 2662 robur
578 2605 610 2658 et
624 2615 728 2660 ramos
752 2609 784 2660 et
798 2600 920 2662 fructus
932 2608 964 2662 et
978 2599 1062 2676 folia,
1079 2616 1143 2662 non
1167 2600 1242 2678 quia
1264 2599 1326 2660 iam
1352 2605 1448 2672 sunt,

238 2728 255 2767 a
268 2708 322 2768 sed
342 2710 414 2789 quia
438 2711 511 2771 inde
532 2708 638 2770 futura
662 2716 736 2769 sunt
814 2709 938 2776 ilicium
953 2706 1128 2773 estcociuna
1139 2717 1169 2772 et
1185 2717 1284 2783 terra,
1299 2707 1373 2788 quia
1399 2708 1449 2770 in·'

237 2816 307 2876 «de
330 2817 471 2881 futurum
493 2825 560 2879 erat
575 2816 698 2878 coelum
720 2825 752 2878 et
775 2827 866 2879 terra.
881 2818 1012 2881 »Etiam
1034 2827 1139 2882 terroe
1160 2817 1332 2881 invisibilis
1353 2825 1385 2880 et
1401 2818 1452 2880 in·

236 2926 422 3004 compositae
447 2933 479 2987 et
502 2924 608 3003 abyssi
626 2931 654 2986 ct
677 2941 775 3004 oquae
803 2926 1069 3004 appellationibus
1092 2927 1236 2988 eamdem
1252 2933 1345 3005 putat·
1363 2927 1450 2988 desi·

237 3034 327 3110 gnari
348 3033 521 3108 materiam
542 3031 665 3094 sedsed
686 3033 734 3093 bis
749 3035 889 3096 omnibus
902 3035 1079 3098 nominibus
1101 3036 1239 3098 materia
1254 3042 1325 3097 erat
1347 3036 1452 3098 incisa

241 3150 270 3202 et
286 3140 432 3220 informis
450 3140 494 3219 ⁴de
509 3157 569 3220 quc
593 3142 675 3202 Deus
689 3141 827 3204 condidit
848 3143 1005 3205 mundana.
1019 3144 1106 3206 idem
1130 3141 1226 3206 scutit
1247 3144 1278 3205 in
1299 3142 1369 3206 Lib.
1384 3144 1452 3207 xll.

238 3247 372 3326 confess.
383 3265 427 3309 cc.
441 3249 471 3328 4,
483 3249 511 3322 8,
530 3249 581 3313 12.
592 3248 678 3313 Hanc
692 3250 981 3328 interpretationem
995 3251 1163 3330 Augustini
1177 3252 1323 3332 euenrplo
1337 3269 1451 3332 posue·

237 3373 271 3416 re
282 3355 416 3417 Albinus
428 3353 570 3427 Flaccus,
584 3354 679 3434 Reda,
691 3355 839 3433 isidorus,
853 3359 968 3438 aliique
979 3362 1034 3439 qui
1047 3359 1259 3437 Augustinum
1279 3376 1451 3423 consuere·

238 3479 271 3523 re
283 3461 383 3540 sequi,
401 3477 458 3527 nec
475 3478 541 3523 nou
560 3461 722 3527 Caesarius
740 3464 822 3524 Diui.
840 3462 864 3525 l.
886 3467 1005 3528 Interr.
1023 3464 1073 3528 51.
1088 3465 1236 3529 Attamen
1256 3468 1453 3545 Augustinus

237 3572 269 3632 in
282 3570 348 3631 Lib.
368 3568 482 3636 Contra
501 3570 728 3650 deversorium
741 3573 830 3652 Leqr's
844 3582 875 3635 et
888 3575 1035 3654 Prophet.
1055 3583 1159 3654 negat,
1174 3575 1275 3639 Deum
1287 3575 1454 3656 informem

233 3677 326 3758 priua
338 3675 451 3755 fecisse
464 3680 639 3755 materiem,
652 3689 684 3742 et
705 3681 869 3746 intervallo
882 3683 988 3764 aliquo
1004 3686 1154 3764 temporis
1170 3686 1369 3765 interposito,
1385 3687 1450 3766 for·

238 3801 340 3848 masse
353 3788 434 3868 quod
449 3787 582 3867 informe
593 3789 685 3867 priua
701 3789 832 3868 fecerat,
848 3793 903 3854 sed
919 3794 1022 3870 docet,
1040 3811 1107 3855 earn
1127 3809 1307 3872 concreasse
1326 3797 1450 3857 muodo.

236 3891 324 3954 Idem
345 3894 440 3958 docet
455 3897 497 3956 De
515 3896 646 3961 (iamed
669 3898 717 3979 tin
734 3898 767 3958 L.
783 3898 807 3959 1.
824 3919 850 3962 c.
869 3901 916 3962 15:
935 3917 1016 3981 quae
1038 3902 1146 3980 opinio
1167 3919 1184 3962 a
1206 3900 1310 3980 priore
1331 3900 1453 3965 diversa

239 4000 372 4080 videtur,
389 4005 447 4065 nisi
460 4005 600 4067 dicamus
613 4023 685 4070 cum
709 4026 735 4068 s.
750 4009 868 4072 Thomu
884 4009 930 4093 (1.
945 4030 975 4092 p.
989 4031 1022 4092 q.
1037 4016 1085 4091 66,
1102 4013 1154 4076 ar.'
1166 4011 1215 4091 i.)
1236 4011 1324 4092 quod
1338 4010 1390 4074 his
1405 4011 1451 4074 lo·

239 4109 308 4172 cisa
318 4111 513 4190 Augustinus
526 4115 640 4195 accipit
654 4117 880 4200 informitatem
894 4125 1043 4186 melenae
1056 4124 1258 4204 procuranda
1273 4123 1380 4188 amnis
1394 4123 1452 4188 icr-

275 4282 290 4330 A
309 4283 340 4333 V.
360 4287 449 4337 Potor.
470 4289 499 4337 L.
520 4290 541 4338 l.
561 4303 583 4338 r.
605 4289 631 4340 i.
651 4288 678 4351 ἕ.
701 4293 725 4352 1,
746 4289 771 4354 23
791 4305 814 4343 e.
836 4293 877 4354 15,
899 4295 916 4357 δ
936 4298 959 4352 l,
977 4294 1004 4345 2.

274 4375 291 4423 2
310 4382 339 4430 L.
360 4381 370 4430 l
388 4395 411 4432 e.
432 4382 466 4437 ll.
486 4382 514 4444 §-
535 4386 558 4432 1.
