2970 5002
147 292 208 354 120

149 425 364 501 collectiones,
387 424 496 488 Mosen
517 421 557 485 de
578 421 721 504 principe
747 425 778 484 et
802 419 945 484 omnium
968 421 1106 484 maxima
1130 419 1229 503 loqui:
1254 421 1367 498 addit,

147 537 236 598 lacus
253 542 284 597 et
312 541 422 613 stagna
443 532 605 616 quaelibet
627 513 692 602 non
714 548 785 594 esse
807 531 938 612 proprie
959 530 1164 593 collectiones
1196 547 1364 610 aquarum:

151 662 232 732 quae
254 660 328 707 vero
353 617 487 704 maiores
512 647 598 717 sunt,
622 649 658 703 ut
679 647 711 702 et
725 641 800 701 illae
814 658 909 721 quae,
933 639 1020 701 velut
1036 638 1200 718 Caspium,
1214 646 1364 702 vocantur

147 753 260 832 maria,
276 769 334 832 per
344 757 471 831 apertos
497 750 545 812 vel
561 749 704 819 occultos
719 761 751 811 et
765 749 992 820 subterraneos
1006 753 1129 808 meatus
1152 746 1185 807 in
1211 763 1364 814 oceanum

148 861 319 937 coritiuere,
343 876 530 943 cumeoque
546 859 713 923 committi.
739 859 792 921 Sic
814 858 909 929 etiam
937 854 1167 933 Theudoretus,
1191 854 1361 936 Procopius

146 978 180 1030 et
200 969 294 1033 Beda.
318 970 434 1032 Tamen
454 968 547 1030 valde
571 964 736 1049 probabile
757 974 817 1042 est,
841 965 945 1045 primo
960 963 1016 1026 illo
1029 968 1174 1042 tempore
1189 981 1259 1049 quo
1274 982 1362 1046 eppa·

147 1075 332 1154 euitandas,
356 1076 388 1137 h.
411 1094 440 1138 e.
464 1094 565 1158 quum
590 1081 726 1137 retectae
747 1073 835 1137 fuere
858 1081 959 1142 terrae
988 1072 1146 1158 quaedam
1175 1080 1209 1133 et
1232 1072 1361 1138 nudatae

145 1184 250 1264 equis,
264 1185 354 1248 valde
369 1184 534 1265 probabile
556 1190 615 1259 est,
640 1182 785 1263 inquam,
814 1197 945 1260 magnas
967 1199 1122 1265 aquarum
1153 1180 1359 1244 collectiones

147 1310 259 1356 omnes
282 1294 291 1375 (
314 1293 399 1376 quod
421 1310 461 1364 ex
483 1292 626 1357 dicendis
653 1290 819 1372 apparebit
844 1290 852 1370 l
889 1292 975 1352 iuter
1001 1307 1076 1362 ‚sese
1107 1289 1357 1354 communicasse

146 1403 291 1481 adeoque
312 1402 344 1462 in
367 1417 467 1464 unum
489 1399 595 1462 locum
617 1416 776 1479 unamque
799 1399 1056 1476 cogregationem
1077 1397 1176 1462 luisse
1197 1397 1354 1474 collectas,

144 1525 244 1591 parvo
266 1508 373 1590 aliquo
397 1515 511 1585 stagno
533 1505 667 1569 tortasse
685 1515 830 1586 excepto.

184 1615 233 1676 Ad
255 1632 284 1676 v.
307 1616 326 1676 9
341 1611 563 1676 adduntLXX:
577 1615 618 1676 Et
632 1621 817 1693 conprepetn
831 1621 879 1678 est
894 1632 975 1702 upon
990 1631 1068 1700 pune
1095 1612 1156 1677 snb
1185 1612 1272 1676 coelo
1298 1616 1353 1674 erut

71 1808 74 1812 Ι
147 1724 181 1787 in
196 1724 447 1803 concrepationes
461 1707 548 1800 snus,
579 1729 609 1789 et
638 1722 789 1803 apperuit
817 1722 923 1800 orido;
948 1741 1044 1804 quam
1065 1723 1236 1788 lectionem
1259 1717 1353 1783 Graeci

148 1832 317 1912 recipiunt,
340 1841 372 1894 et
393 1850 466 1894 cum
491 1833 540 1895 his
561 1831 761 1904 Ambrosius.
789 1831 906 1903 Verum
934 1833 1012 1894 haec
1025 1830 1186 1914 appendix
1211 1831 1301 1892 deest
1324 1828 1349 1889 in

148 1949 238 2002 textu
260 1924 397 2003 hebraeo
412 1948 445 2003 et
468 1940 671 2014 samaritano,
693 1943 740 2003 uti
762 1941 794 2002 in
819 1941 945 2017 vulgata
971 1943 1049 2003 etin
1063 1938 1344 2014 aliisversionibus;

144 2055 179 2111 et
192 2055 315 2121 intutum
338 2047 494 2127 implicite
515 2048 548 2110 id
568 2048 722 2111 asseritur
737 2047 800 2109 illis
815 2047 931 2111 uerbisr
955 2056 984 2109 et
999 2047 1181 2127 factumest
1197 2048 1258 2112 ito·
1303 2104 1323 2112 ..

153 2208 156 2212 .
184 2157 399 2223 collectionem
412 2176 568 2240 equorum
586 2157 686 2225 Deum
709 2157 888 2238 appellasse
908 2162 1025 2238 morin,
1050 2165 1100 2220 est
1116 2160 1146 2219 in
1164 2159 1305 2222 hebraeo
1326 2175 1350 2219 u.

141 2266 191 2327 10⁶
214 2263 367 2343 Vulgatus
376 2295 378 2299 v
388 2266 556 2345 pluraliter
576 2265 681 2327 reddit
694 2266 960 2345 conprepotiones:
975 2267 1018 2329 ita
1032 2276 1064 2329 et
1078 2267 1157 2333 Lxx
1170 2285 1346 2342 evuaenpura,

138 2373 335 2438 collectiones
357 2391 414 2436 seu
435 2390 606 2435 concensus
629 2391 796 2456 aquarum.
813 2374 947 2437 Hebraei
960 2377 1064 2438 niuniu
1082 2376 1243 2438 vocabunt
1268 2378 1348 2438 etiarn

138 2482 251 2557 lacus,
274 2481 454 2542 sivedulcis
477 2482 544 2542 sive
558 2481 640 2543 saise
662 2489 745 2542 esset
766 2499 871 2563 aqua,
895 2494 930 2546 ut
954 2483 1241 2564 lauronensium,
1275 2499 1349 2560 neore

149 2587 401 2669 Gelilene‚·quod
424 2596 456 2651 et
475 2590 558 2650 aliae
578 2598 690 2666 gentes
711 2592 884 2672 aliquando
905 2592 1132 2673 praestiterunt
1150 2594 1178 2657 1.

85 2758 90 2764 ,
149 2732 152 2737 -
186 2697 275 2761 xlv.
300 2699 498 2778 inquiramus
522 2717 618 2774 nunc,
633 2717 794 2789 quaenam>
806 2717 902 2770 causa
916 2700 1012 2763 luerit
1025 2704 1072 2764 vei
1088 2704 1216 2768 occasio
1232 2722 1295 2787 que
1306 2723 1348 2766 re·

138 2808 291 2868 cesserint
313 2823 414 2886 aquae
437 2816 470 2868 et
483 2808 667 2886 adparuerit
687 2809 789 2872 arida.
812 2813 862 2873 An
873 2829 911 2874 ee
926 2828 1021 2874 causa
1032 2812 1092 2875 suit
1108 2831 1210 2876 unum
1224 2815 1283 2882 Ilei
1297 2818 1345 2877 iru-

135 2915 285 2992 perium,
311 2935 332 2978 n
352 2932 426 2977 voce
460 2916 550 2977 cuins
576 2917 733 2997 tonitrui,
772 2939 874 3001 upnue
901 2920 1118 3002 formidarent
1145 2931 1177 2986 el
1205 2923 1347 3004 fupernnt

136 3033 173 3084 ut
192 3025 316 3102 poetica
341 3025 505 3087 Psalmista
518 3027 565 3088 uit
585 3025 613 3100 2,
635 3026 712 3087 dum
725 3030 932 3100 ascendebant
946 3040 1065 3095 montes
1086 3040 1118 3094 et
1128 3032 1349 3095 descendebant

140 3132 242 3210 compi
255 3131 401 3204 inlocum
415 3151 504 3214 quem
528 3133 720 3214 fundauerat
743 3137 818 3199 eis?
842 3138 933 3200 Certe
956 3137 1082 3204 nullum
1110 3139 1207 3200 aliam
1223 3156 1347 3203 causam

140 3242 277 3317 primam
308 3241 498 3306 illieffectus
525 3245 675 3308 habuere.
704 3245 823 3308 Verum
848 3247 928 3310 illud
954 3247 1010 3308 [lei
1035 3247 1208 3327 imperium
1239 3249 1350 3311 distica

139 3355 225 3408 ctum
241 3351 372 3410 omniuo
394 3348 493 3412 luisse
514 3370 535 3412 a
549 3354 674 3431 legibus
696 3355 812 3434 quibus
824 3355 896 3434 lpse
910 3355 1068 3428 mundum
1079 3357 1159 3434 regit
1175 3356 1185 3437 (
1200 3358 1290 3438 quod
1303 3362 1353 3420 est

135 3455 328 3518 miraculum
343 3455 441 3518 luisse
459 3456 469 3538 l
490 3457 553 3521 boc
580 3477 643 3523 non
659 3463 783 3525 videtur
796 3464 1022 3542 necessarium,
1037 3463 1182 3544 adeoque
1195 3464 1285 3528 iuxte
1299 3480 1346 3528 rc·

132 3572 239 3642 ceptus
260 3565 440 3643 sapientum
468 3570 596 3647 regulas
619 3586 683 3633 non
704 3572 950 3642 admittendum.
977 3571 1092 3634 [licunt
1117 3572 1272 3652 quidem,
1298 3589 1347 3635 ste

131 3686 221 3735 crum
247 3679 369 3738 textum
393 3683 554 3757 tamquam
586 3679 716 3743 unicum
740 3697 874 3760 operum
903 3681 1078 3744 creationis
1104 3681 1351 3761 instrumentum

134 3777 273 3848 indicare
299 3781 356 3844 Ilei
381 3796 561 3864 praecepte:
593 3788 675 3868 ilict,
690 3797 928 3869 conprepentur,·-
941 3789 1140 3869 adduntque,
1154 3789 1273 3868 ileum,
1288 3791 1345 3853 ho-

129 3884 1348 3977 mmmmfflmmmmmmmmwmmnmmoelffl-

159 4167 352 4222 1ldamocchi.
371 4168 465 4236 Spicil.
484 4171 557 4226 eset.
577 4175 609 4227 T.
631 4177 655 4226 1.
675 4190 702 4244 p.
722 4175 810 4236 teat.
911 4131 914 4136 -

158 4257 410 4330 emoneo
627 4256 630 4263 '

160 4362 177 4412 3
195 4366 234 4421 lta
251 4364 353 4423 Nicolai
371 4367 434 4424 Len.
453 4370 522 4438 lllll,
541 4386 569 4439 p.
591 4372 653 4426 et.·
