2970 5002
1288 301 1347 365 189

119 450 237 507 cancta
250 441 381 509 omnino
395 442 566 506 animantia
581 448 682 504 terrae
694 448 726 504 et
737 459 824 506 omae
835 445 963 507 volucae
977 449 1009 505 et
1023 441 1171 506 aniverso
1186 457 1266 522 quae
1277 457 1350 502 mo-

117 557 313 630 ventur,ant
329 567 413 612 nranc
428 550 594 612 berbirore
615 569 696 628 esse,
710 561 765 612 ant
781 552 890 630 primis
907 549 1104 632 temporibus
1117 552 1226 613 inisse.
1253 551 1347 612 lunu-

120 662 316 722 meruerim
337 660 485 726 animalia
506 677 546 721 ex
569 660 702 724 diversis
716 659 874 740 longeque
895 660 1013 722 dissitis
1025 661 1219 738 regionibus,
1232 660 1347 721 diversi

111 767 260 843 climatis
280 769 402 832 incolas
429 778 460 830 et
473 769 533 831 sibi
548 768 682 831 invicem
696 768 836 844 inimica,
860 770 894 830 in
908 787 1008 831 annm
1024 769 1208 830 convenisse
1223 770 1341 842 locum,
1424 780 1426 785 ’

115 886 156 953 ot
181 895 217 941 se
241 877 329 941 Adae
361 882 509 946 sisterent
543 885 575 940 et
610 879 651 939 ab
679 895 718 940 eo
741 895 856 940 nomen
888 869 1090 955 acciperent,
1128 895 1195 957 quo
1218 877 1347 940 nomine

113 970 221 1049 necno
244 1003 361 1053 usurus
383 995 476 1061 esset,
502 986 609 1049 statim
631 1005 667 1048 ac
689 986 746 1049 illa
763 986 932 1048 rediissent
954 985 985 1046 in
1008 987 1124 1064 patrias
1145 993 1245 1047 terras
1263 984 1345 1046 nulli

111 1097 228 1159 adbuc
263 1095 430 1157 bominum
461 1095 642 1172 habitatas,
664 1094 696 1155 id
721 1110 849 1156 omnem
879 1109 1011 1172 prorsus
1033 1079 1343 1167 verisimilitudinem

112 1206 260 1269 excedit.
282 1204 455 1283 Nonnulli,
489 1212 524 1266 ut
558 1205 741 1278 calmetus,
768 1220 835 1264 rem
857 1202 1090 1265 credibiliorem
1113 1202 1216 1264 iacere
1236 1204 1341 1277 conati

116 1321 225 1386 sunt,
248 1322 489 1392 supponentes,
514 1319 639 1374 terrena
664 1311 811 1373 animalia
840 1314 1068 1391 omniaprope
1089 1311 1270 1390 paradisum
1292 1309 1347 1371 ubi
1422 1289 1424 1293 ⁸

112 1422 206 1484 Deus
225 1420 331 1500 posuit
356 1418 530 1498 bominem,
554 1419 651 1482 luisse
671 1427 786 1481 creata.
811 1418 898 1482 Hanc
918 1418 1101 1498 opinionem
1120 1418 1339 1497 minime—pro·¹

111 1528 274 1593 banerant
293 1528 489 1605 Augustinus
524 1535 556 1589 et
577 1529 748 1605 Gregorius
771 1526 945 1613 Nissenus,
967 1536 1001 1596 et
1022 1535 1093 1605 post
1108 1537 1248 1606 repertas
1263 1525 1337 1588 ubi-

114 1654 185 1717 que
206 1643 362 1698 terrarnm
383 1634 508 1703 fossiles
529 1636 737 1698 animantium
758 1616 924 1711 essuries,
953 1653 1074 1711 nemo,
1100 1642 1136 1695 ut
1155 1635 1266 1712 credo,
1283 1651 1351 1706 no-⁴

113 1752 186 1806 stra
210 1750 313 1804 aetate
334 1742 458 1822 probat.
483 1741 655 1804 Ministerio
669 1743 868 1819 Angelorum
891 1742 1039 1804 animalia
1058 1741 1100 1803 ad
1114 1742 1217 1803 Adam
1238 1740 1355 1804 aiddu-¹
1402 1731 1405 1737 ’

118 1861 173 1915 cte
195 1851 329 1914 credidit
348 1850 545 1927 Augustinus
566 1851 593 1911 1.
616 1850 807 1913 Ambrosius
828 1851 961 1929 putarit,
978 1850 1060 1912 ieras
1082 1851 1211 1931 quidem
1233 1860 1265 1934 et
1286 1867 1344 1914 vo-

120 1961 231 2023 lucres
252 1959 356 2020 divina
376 1943 559 2036 operatione
584 1955 681 2019 luisse
703 1967 930 2036 congregatas,
952 1958 1079 2020 mitiora
1092 1965 1201 2021 antem
1224 1961 1341 2023 anima*
1430 1934 1433 1940 ⁵

116 2071 280 2148 lie-atque
304 2065 462 2128 terrestria
483 2067 523 2128 ab
545 2063 615 2145 ipso
637 2066 765 2127 bomine
786 2065 894 2142 colligi
917 2069 1069 2145 potuisse.
1086 2066 1199 2128 Utrum
1214 2068 1254 2130 sit
1270 2069 1343 2132 heic

118 2186 225 2257 necne
244 2176 335 2238 nobis
356 2175 526 2235 necessitas
548 2182 583 2234 ut
604 2173 642 2234 ad
673 2172 861 2235 miraculum
882 2172 1117 2250 confugiamus,
1134 2174 1187 2235 alii
1202 2154 1340 2237 rideant.

122 2285 157 2347 st
178 2283 334 2361 veteribus
366 2289 476 2346 notum
498 2281 619 2358 suisset,
637 2283 754 2345 multas
777 2300 848 2345 esse
867 2284 988 2362 species
1010 2284 1161 2345 animales
1176 2284 1342 2348 Americae

118 2399 249 2455 tantum
269 2392 317 2455 vei
335 2383 514 2454 A‘ustratiae
535 2393 691 2471 proprias,
704 2392 838 2454 sortasse
859 2390 943 2471 ipsas
965 2391 1006 2453 ad
1029 2392 1131 2454 Adana
1153 2410 1216 2454 non
1240 2395 1344 2457 addu-

122 2501 264 2577 xissent,
287 2503 383 2581 idque
405 2501 621 2581 ingentis'ope
642 2501 806 2579 miraculi,
830 2509 865 2562 ut
887 2518 983 2563 unam
1003 2501 1048 2566 ‚ab
1074 2500 1143 2582 ipso
1158 2519 1268 2564 vocem
1284 2500 1340 2567 au·

122 2608 404 2693 direntprolerri,
429 2614 519 2672 cuius
540 2612 694 2673 memoria
717 2611 824 2673 statim
846 2609 958 2672 luisset
977 2609 1153 2688 deperdita,
1177 2627 1250 2672 curn
1265 2615 1341 2677 nul-

122 2722 186 2784 lius
207 2721 344 2784 bominis
379 2721 529 2784 societate
563 2721 709 2782 animalia
745 2722 801 2782 illa
830 2720 1017 2797 gauderent.
1039 2719 1159 2787 Vereor
1184 2716 1360 2788 enimvero

120 2845 163 2907 ne
184 2829 353 2900 ridiculum
375 2830 541 2908 videatur,
563 2828 733 2906 imaginari·
750 2828 891 2905 singulas
912 2828 1122 2890 animantium
1148 2829 1282 2911 species,
1298 2832 1347 2894 bi-

123 2953 183 3000 nas
204 2937 315 3015 binas,
338 2938 449 3001 ordine
484 2947 516 3001 et
550 2937 641 3019 quasi
656 2939 782 3013 agmine
803 2926 907 3015 facto,
935 2953 1042 2999 coram
1066 2936 1196 2999 bomine
1212 2949 1340 3017 praete-

122 3052 275 3124 reuntes,
301 3047 461 3110 bominem
482 3063 557 3108 vero
581 3047 709 3124 ipsum,
731 3045 809 3107 dum
832 3044 886 3105 illa
909 3052 1157 3124 pertranseunt,
1190 3063 1343 3125 magnam
1430 3091 1436 3103 .

122 3154 306 3237 bynnaeani
325 3153 513 3236 systematis
538 3156 678 3216 Naturae
698 3162 821 3234 partem
842 3170 938 3232 super
961 3153 1029 3231 ipsa
1042 3154 1187 3216 celeriter
1208 3157 1346 3218 recitan-

126 3271 205 3327 tem.
228 3264 328 3328 Multo
341 3263 628 3346 magisverisimile
642 3263 778 3338 videtur,
796 3278 908 3323 omnes
926 3261 1042 3323 classes
1055 3263 1344 3330 animantiumter·

122 3374 272 3437 restrium
293 3372 326 3433 in
350 3375 461 3436 multis
482 3372 648 3451 speciebus
670 3388 779 3433 earnm
802 3370 885 3432 vices
906 3371 1146 3446 sustinentibus,
1163 3379 1236 3433 ante
1253 3371 1344 3435 Adae

124 3479 238 3559 oculos
272 3478 424 3542 adductas
458 3481 577 3556 luisse,
603 3496 685 3561 quae
708 3479 831 3557 species
855 3477 903 3538 vel
933 3478 967 3538 in
987 3476 1119 3551 coloso
1142 3488 1345 3545 morarentur

124 3586 179 3663 nbi
201 3588 323 3666 primus
349 3588 446 3650 bomo
466 3589 590 3666 positus
613 3585 738 3662 luerat,
763 3583 811 3645 vei
831 3584 873 3646 ad
900 3601 975 3646 eum
995 3585 1208 3661 accesserint,
1233 3586 1341 3659 divina

122 3695 163 3759 id
179 3695 317 3769 suaviter
338 3695 535 3775 providentia
550 3693 759 3773 disponente,
775 3692 896 3771 absque
915 3691 1231 3771 ulla-supernaturali
1243 3707 1343 3756 causa

122 3805 174 3867 vel
199 3804 324 3869 ellectu.
346 3803 434 3878 Nec,
457 3814 557 3885 puto,
589 3821 718 3867 necesse
740 3802 822 3882 tuit,
846 3810 881 3865 ut
904 3802 1038 3881 singulis
1061 3803 1194 3883 omnino
1215 3803 1345 3881 specief

121 3916 185 3978 bus
218 3933 300 3998 quae
332 3933 366 3978 se
386 3915 473 3980 Adae
494 3915 668 3989 sistebant,
690 3912 848 3992 peculiare
869 3911 997 3991 aliquod
1023 3928 1139 3973 nomen
1163 3911 1218 3973 ille
1233 3928 1341 3992 appo-

118 4033 233 4105 neret,
256 4026 316 4088 nisi
337 4026 374 4089 iis
391 4044 472 4108 quae
494 4025 541 4087 rel
557 4026 842 4100 maioresessent,
865 4021 912 4081 vel
937 4020 1092 4097 utiliores,
1115 4022 1163 4084 vel
1181 4021 1241 4085 alia
1256 4040 1342 4113 que-

123 4122 176 4224 vis
198 4117 363 4217 spectabili
384 4112 576 4216 proprietate
590 4133 787 4214 praecipuae.
805 4129 911 4195 Parvis
934 4117 1344 4219 animantibusrerisimlls

160 4369 177 4419 1
196 4366 235 4420 De
257 4365 325 4418 Gen.
344 4362 381 4416 od
401 4363 442 4418 tit.
462 4365 507 4420 lx.
526 4379 550 4420 e.
570 4365 613 4421 ld.
