2970 5002
75 103 172 183 retro
178 116 233 162 eor
243 105 430 171 nmirumset
443 99 529 189 [neni
537 100 704 167 declinasti
713 101 843 169 mnitut
854 103 1072 194 ammonio
1080 109 1136 169 tun
1144 112 1171 171 t.
1179 103 1298 171 istoto-

77 218 130 285 ro,
145 206 556 303 evidenter-intelligendum
568 227 639 274 essa
655 208 857 292 mundonem
871 209 904 275 in
927 210 1000 285 loeo
1011 219 1295 294 quempertreeta-

77 320 166 394 rrius,
176 332 273 396 quem
284 317 350 382 iere
364 334 477 386 omnes
487 319 676 399 interpretes
689 325 721 381 et
734 319 932 400 expositores
945 335 985 384 ue
996 321 1150 402 suspicati
1164 322 1295 405 quidem

76 434 167 505 sunt,
177 426 308 506 intelligi
320 444 427 508 posse,
439 444 544 505 nemo,
558 435 649 508 pulo,
659 426 838 506 affirmabit,
852 425 910 491 nisi
920 425 1001 491 iorte
1012 445 1053 493 ex
1063 437 1296 512 praeconcepto

74 536 173 598 animi
189 535 305 600 iudicio
316 548 379 617 quo
391 537 451 599 sibi
464 537 535 617 quis
551 537 752 617 persuaserit,
769 536 880 614 ingens
893 535 1072 607 breuliose
1081 555 1225 605 enarrari
1238 541 1296 607 mi·

76 643 237 707 ¹naculum:
252 644 368 708 herbas
383 662 499 726 nempe
513 655 609 726 atque
622 645 748 708 arbusta
763 644 831 707 sino
846 644 913 709 ullo
936 644 1081 713 humoris
1094 645 1292 735 adiumento,
1317 717 1325 727 ,

75 771 177 834 quum
192 753 286 816 tellus
308 756 446 817 maxims
473 755 619 817 ariditate
632 754 856 835 squalescerent,
866 753 1060 832 germinasse
1073 761 1169 837 atque
1177 756 1295 821 stadele

73 864 170 924 visse.
186 861 217 925 Si
233 863 336 925 dicam
352 880 400 924 ex:
428 880 476 942 gr:
497 862 557 932 hae
585 863 676 926 tertia
688 863 740 925 die
754 862 863 926 nullus
878 869 945 926 erat
959 862 1055 943 placit
1072 865 1103 927 in
1118 864 1220 946 equis,
1237 880 1296 929 nec

75 970 180 1050 ullum
195 971 311 1034 animal
330 988 427 1053 snpra
442 980 558 1036 terram
572 966 787 1052 gradiebatur,
799 979 855 1033 sut
870 989 927 1051 per
942 971 1065 1039 coelunt
1078 975 1143 1037 uvis
1155 974 1294 1054 volabat,

72 1078 166 1141 laeile
191 1080 378 1158 intelligitur
391 1129 399 1161 ,
414 1088 446 1145 et
460 1081 491 1144 iu
516 1081 576 1144 hoc
593 1083 685 1143 tertio
699 1079 844 1143 membro
860 1080 1060 1157 negationem
1085 1081 1289 1163 subintelligi.

73 1186 107 1249 Si
122 1204 197 1249 vero
213 1188 296 1250 dico:
311 1188 369 1250 bac
380 1187 432 1250 die
457 1188 581 1252 nullum
596 1196 665 1252 erat
678 1186 795 1251 animal
812 1187 842 1252 in
867 1187 970 1267 equis,
996 1167 1123 1249 nullum
1139 1188 1169 1249 in
1185 1188 1291 1269 terris,

73 1303 107 1358 et
133 1295 247 1378 stirpes
269 1297 492 1374 germinabant
517 1316 613 1379 super
635 1305 764 1371 terram;
793 1299 865 1378 quis
887 1296 952 1366 ¹nisi
966 1294 1062 1357 stulte
1077 1295 1169 1374 dicet,
1186 1295 1293 1377 inhoc

71 1404 168 1466 tertio
195 1404 339 1466 membro
367 1403 604 1482 intelligendam
619 1407 841 1482 negationem,
869 1403 963 1485 idque
977 1407 1100 1464 certum
1114 1401 1289 1487 ctevidens

70 1513 158 1574 esse‘l
169 1512 426 1578 Peratlaliamnm
440 1524 558 1596 numm,
571 1522 608 1578 ut
621 1521 743 1590 vocant,
757 1513 913 1595 posticum
927 1512 955 1573 ei
967 1509 1039 1595 qrris
1054 1510 1086 1573 in
1111 1511 1160 1575 his
1186 1509 1288 1575 versi-

70 1617 136 1680 bus.
148 1621 285 1702 reperire
301 1621 386 1699 vult,
414 1628 489 1687 runt
500 1623 565 1687 hia
580 1621 845 1704 praecedentibus
870 1617 1039 1700 separandi
1054 1666 1062 1700 ,
1079 1623 1174 1699 atque
1188 1620 1232 1683 ite
1248 1635 1289 1684 ex

69 1727 208 1790 hebraeo
219 1729 299 1793 verti
311 1737 344 1793 el
356 1728 482 1811 disponi
491 1731 608 1794 debent
622 1753 637 1793 :.

231 1921 273 1981 nt
287 1934 373 1980 omne
386 1916 561 1996 virgultum
573 1917 644 1998 apri
658 1917 792 1980 nondum
807 1920 877 1985 orat
891 1914 924 1976 in
940 1921 1040 1994 terro,

233 2029 275 2090 lit
288 2027 387 2094 omnis
401 2026 497 2090 herbe
507 2025 643 2108 rapientis
655 2025 789 2095 numum
800 2024 1048 2105 permiscuerut:
1148 2024 1153 2031 ‘

231 2139 300 2200 Noa
312 2135 530 2217 cainani-iteret
547 2133 696 2198 Bantinos
712 2135 794 2197 Deus
808 2149 903 2224 super
916 2137 1046 2206 terram,
1052 2121 1187 2212 Ylllil

232 2247 275 2307 Et
288 2244 703 2325 compensandam
717 2250 847 2306 terrum
864 2218 1018 2306 ΠὨἹΝΠ
1107 2217 1148 2248 ⁹
1134 2220 1182 2252 τ

231 2354 272 2416 lit
285 2369 383 2432 vapor
398 2349 581 2415 ascendebat
595 2349 632 2414 de
647 2359 751 2425 terra,
743 2361 889 2493 ,γι-,μιᾷ
959 2321 1013 2360 ²

68 2496 71 2500 ·
192 2515 196 2521 -
229 2489 269 2550 lit
287 2480 827 2568 irripubatomnemf‘lllemmm·
854 2467 1006 2591 limidi!

105 2715 225 2795 Nempe
245 2712 436 2776 ascendebat
450 2713 491 2775 de
507 2720 589 2777 terra
607 2715 655 2796 (ut
669 2716 838 2801 irrigaret),
853 2731 883 2782 et
899 2722 1153 2803 (descendendo)
1171 2729 1286 2787 terram

48 2825 228 2904 irrigabat.
241 2822 418 2903 Aliquando
435 2841 475 2886 ex
488 2815 587 2887 inciso
609 2825 657 2886 vel
670 2828 814 2890 membro
827 2834 935 2917 priore*
947 2836 1072 2910 negatio
1086 2834 1117 2894 in
1131 2831 1283 2910 posterio-

65 2952 101 2998 re
114 2935 291 3015 suppletur,
306 2940 340 2996 ui
354 2933 642 3010 animadvertimus,
653 2940 685 2996 et
699 2953 872 3017 numquam
883 2957 922 3015 en
933 2941 995 3003 alio
1007 2958 1099 3003 versu
1117 2940 1144 2999 ².
1161 2937 1221 3001 Sed
1236 2937 1285 3000 uti

69 3059 185 3124 parum
200 3041 312 3104 rationi
334 3033 544 3121 philologirae
556 3043 680 3121 negatio
691 3043 745 3106 illa
758 3046 916 3127 congruit,
930 3047 971 3110 ito
986 3050 1169 3111 adversatur
1182 3047 1282 3109 omni-

65 3170 109 3215 no
126 3152 240 3214 rationi
253 3148 500 3232 philosophicae:
526 3166 610 3226 nam,
627 3167 666 3214 ex
681 3152 775 3233 paulo
787 3163 859 3217 ante
873 3157 967 3219 dictis
970 3157 1113 3241 ,vaporis
1125 3154 1283 3223 exhalatio

66 3277 134 3323 non
148 3261 245 3325 modo
259 3259 365 3340 aliqua
380 3246 436 3321 sed
451 3274 565 3336 magna
580 3276 650 3322 esse
663 3260 797 3380 debebat
808 3269 840 3326 et
853 3271 971 3329 terrae
968 3264 1086 3328 laniem
1095 3263 1243 3328 abunde
1235 3281 1281 3341 rr-

60 3369 175 3448 rigare.
280 3437 286 3447 ,

104 3474 157 3539 His
171 3475 251 3545 adde
266 3475 370 3557 quod,
384 3482 424 3539 ut
433 3475 511 3545 haec
526 3477 651 3556 negatio
673 3477 864 3558 intrudatur,
880 3495 1008 3541 neeesse
1030 3484 1089 3556 est,
1105 3482 1141 3538 ut
1154 3482 1277 3538 statua

60 3602 136 3650 mus
157 3585 297 3650 siccitate
318 3584 515 3666 squalentem
528 3602 566 3650 eo
592 3593 734 3668 tempore
749 3595 854 3650 terrae
869 3585 1079 3666 superficiem,
1097 3584 1235 3667 (quod
1210 3600 1278 3647 eme

57 3733 878 3812 situas.intonabant>ttl‚1o;xllx,bi.ls
894 3741 996 3810 iiiiii,
1012 3745 1083 3802 hin
1099 3745 1278 3812 biscaemplis

63 3850 164 3908 negans
182 3842 314 3909 particula
329 3840 473 3909 suppletur
489 3839 525 3894 nb
544 3839 742 3907 interpretibus.
863 3912 866 3917 Α

60 3947 64 3959 ’
95 3937 114 3989 2
132 3938 258 3992 uliuhitn
276 3952 309 3991 an
327 3939 432 4005 negatio
451 3937 535 4006 repeti
554 3937 639 4006 possit
650 3939 689 3991 ub
707 3952 758 3994 uno
771 3937 850 3998 resse
869 3940 1007 3997 adolium.
1022 3940 1145 4008 example
1167 3945 1276 3995 earet.»

61 4034 187 4090 bursius.
207 4034 237 4090 t.
255 4033 393 4092 Malianda
411 4049 453 4104 ap.
473 4034 529 4088 l‘oli
547 4035 573 4090 in
593 4033 717 4104 Spnopti.
