2970 5002
1302 298 1359 363 tat

126 438 215 507 Dum
238 441 315 505 haec
336 430 458 518 fierent,
484 454 591 504 noune
607 435 716 504 dicare
742 438 914 525 passumus
935 436 1030 502 simul
1060 443 1180 501 creatas
1196 437 1356 504 tneonsso

125 527 371 631 productosque
383 547 601 630 potentialiter
615 550 645 610 e't
659 545 854 610 seminaliter
866 525 986 627 species
1001 551 1133 625 ceteras,
1147 547 1264 626 quibus
1282 554 1353 610 tum

127 660 261 722 tandem
283 659 470 738 germinatio
493 657 562 737 ipsa
583 656 821 731 reseraabatur,
847 671 948 735 quum
972 652 1081 734 'aliqua
1110 655 1171 717 alia
1199 656 1354 735 periodus

126 765 381 847 esequentibus
402 766 579 828 advenisset
612 752 711 844 eaque
743 762 837 825 simul
872 778 978 824 rerum
1015 760 1160 823 adiuncta
1193 762 1352 825 attulisset

130 854 217 954 quae
237 871 319 935 vitae
340 881 373 935 et
395 872 614 955 propagationi
635 887 744 933 earum
766 869 891 933 futurae
909 875 999 932 eraut
1020 868 1290 948 opportuniores?
1313 870 1351 934 ln

128 980 173 1042 iis
193 979 270 1059 ipsis
291 956 457 1060 speciebus
478 995 560 1060 quae
581 978 673 1039 tertia
695 977 746 1038 dia
768 983 841 1039 actu
864 975 1010 1039 conditae
1040 984 1139 1052 sunt,
1169 974 1352 1038 individuae

128 1086 288 1167 quaedam
309 1088 437 1167 plantae
460 1093 545 1161 actu,
565 1083 644 1147 aliae
664 1100 739 1148 vero
760 1099 871 1147 omnes
896 1083 1022 1147 nonnisi
1044 1081 1235 1145 conssaliter
1256 1083 1353 1146 exsti·

128 1199 263 1270 terunt,
285 1192 496 1273 productione
517 1207 627 1253 earum
650 1207 687 1256 ac
707 1190 936 1268 germinatione
955 1189 988 1252 in
1002 1189 1096 1252 aliud
1118 1173 1242 1269 tempus
1265 1190 1349 1252 dita-

129 1309 174 1364 ta.
198 1301 310 1380 ltaque
331 1299 460 1362 effectus
481 1299 578 1361 divini
598 1297 723 1379 imperii
743 1299 827 1361 ultra
847 1278 929 1361 hauc
950 1297 1117 1378 periodum
1140 1313 1211 1359 sese
1230 1306 1347 1360 exten-

129 1412 201 1488 dit;
224 1425 327 1490 neque
351 1409 383 1471 id
406 1410 445 1472 de
466 1406 608 1484 secundo
629 1408 733 1472 solum
746 1407 878 1489 imperio
899 1424 947 1472 vv.
966 1395 1029 1471 11.ἱ
1042 1413 1075 1468 et
1090 1410 1152 1484 lta
1173 1406 1346 1473 dicendum

130 1528 237 1603 puto,
259 1519 315 1581 sed
337 1523 369 1581 et
392 1519 431 1580 de
447 1517 502 1581 illo
523 1533 553 1578 v.
568 1515 621 1594 9.¹,
645 1532 710 1599 quo
732 1516 839 1580 aridae
860 1516 996 1581 detectio
1016 1519 1191 1598 imperatur
1205 1536 1212 1594 ;
1228 1506 1302 1580 nam
1316 1522 1351 1581 et

130 1634 207 1710 post
227 1626 353 1692 tertiam
374 1625 543 1707 periodum
563 1633 663 1689 terras
686 1642 726 1687 ex
740 1625 830 1706 aquis
844 1625 1021 1706 emersisse,
1037 1625 1183 1689 dubitare
1197 1642 1263 1688 non
1278 1641 1350 1705 pos-

130 1753 263 1814 sumus;
283 1741 316 1797 et
336 1735 369 1798 id
390 1751 593 1815 summopere
613 1733 779 1815 probabile
791 1740 839 1797 est
853 1734 994 1797 evenisse
1018 1750 1143 1814 pereas
1160 1733 1241 1814 ipsas
1256 1725 1353 1799 caus-

131 1862 183 1906 sas
204 1843 320 1924 quibus
341 1844 444 1923 prima
466 1849 588 1905 terrena
610 1841 734 1931 detecta
756 1849 851 1918 sunt,
877 1848 1050 1923 eatumque
1072 1843 1102 1904 vi
1125 1843 1232 1921 legum
1253 1859 1348 1923 quae,

130 1969 149 2013 a
172 1953 320 2016 creatore
340 1952 382 2014 ab
404 1964 534 2014 aeterno
555 1957 681 2014 sanetae
702 1967 774 2012 cum
793 1942 910 2030 esseut,
934 1949 992 2012 hac
1005 1950 1057 2012 dia
1071 1948 1246 2030 patefactae
1260 1957 1349 2013 sunt.

130 2061 252 2141 Itaque,
266 2061 336 2142 pari
356 2061 479 2125 ratione
502 2077 539 2122 aa
560 2059 600 2122 de
620 2059 749 2139 plantis,
762 2049 873 2121 ¹licebit
894 2057 986 2120 nobis
1009 2058 1163 2121 affirmare
1186 2059 1226 2121 da
1248 2062 1354 2141 terris,

122 2171 288 2251 ‚quasdam
307 2171 368 2232 hac
388 2170 439 2230 die
459 2176 555 2247 actu,
577 2174 697 2229 ceteras
718 2181 793 2229 vero
814 2165 1005 2228 conssaliter
1026 2173 1150 2231 tentum
1185 2175 1280 2250 atque
1303 2170 1353 2233 in-

132 2275 308 2340 visibiliter
329 2276 389 2336 bac
409 2275 461 2336 die
483 2273 552 2354 ipsa
573 2289 669 2352 super
690 2288 806 2351 aquam
831 2269 928 2333 fuisse
950 2264 1098 2336 elevatas.

175 2383 255 2446 Novi
275 2382 488 2461 Augustinum
510 2397 575 2445 nan
597 2380 773 2462 adprobare
792 2383 807 2432 1
833 2380 863 2444 si
883 2379 966 2460 forte
986 2383 1056 2462 qais
1078 2380 1175 2462 dicat,
1190 2400 1250 2447 non
1264 2403 1354 2450 onrne

132 2492 212 2573 lipni
233 2509 329 2574 penus
353 2492 448 2555 tertio
463 2492 512 2555 die
533 2492 758 2573 creatam,sed
771 2492 905 2561 attotam
927 2491 1050 2575 aliquid
1063 2495 1354 2576 onodseoetoorea-

128 2608 225 2664 retnr
242 2649 250 2680 ,
270 2618 363 2682 qnnnn
383 2601 468 2687 bonno
492 2599 599 2681 factus
624 2607 672 2664 est
692 2609 786 2683 utone
816 2598 850 2665 in
859 2600 1013 2682 paradiso
1025 2604 1226 2666 constitutas.
1244 2622 1261 2664 a
1274 2604 1353 2669 Fru-

136 2731 151 2766 a
177 2714 255 2788 stra,
277 2709 331 2784 ait,
356 2725 414 2789 per
436 2688 578 2786 singulos
599 2707 666 2769 dies
688 2715 753 2770 tam
774 2707 939 2786 diligenter
960 2709 1106 2772 distincta
1128 2710 1353 2792 sauromata,

133 2837 153 2878 a
179 2816 206 2878 si
230 2797 450 2896 permixtionis
471 2814 595 2877 dierum
616 2821 722 2895 potest
744 2815 809 2878 ulta
823 2816 961 2896 suspicio
976 2818 1184 2894 residere,'ut
1198 2838 1270 2885 cum
1283 2823 1354 2886 her-

135 2945 151 2982 «
176 2924 216 2985 ba
238 2931 270 2984 et
292 2923 413 3001 lignum
435 2923 498 2985 diei
519 2923 613 2996 tertio
634 2922 697 2984 sint
717 2923 887 3001 attributa,
910 2924 1014 3005 alique
1031 2902 1124 3004 ligna
1145 2928 1239 2990 etiam
1261 2938 1351 2994 sexto

140 3050 157 3088 a
181 3031 233 3094 die
252 3031 413 3111 Scriptura
430 3032 604 3095 tacuerit».
620 3030 684 3096 Nec
706 3048 765 3111 ego
787 3031 950 3094 laudarem
971 3034 1115 3112 prolecto
1136 3053 1210 3099 eum
1223 3039 1277 3118 qui
1292 3039 1353 3102 du-

125 3141 251 3224 plicam
276 3141 455 3221 plantarum
476 3140 668 3205 creationem
688 3140 829 3216 iaceret,
862 3156 901 3204 eo
932 3144 1019 3220 quod
1039 3144 1079 3204 de
1102 3143 1216 3223 plantis
1237 3162 1255 3204 a
1283 3145 1351 3209 Deo

133 3249 273 3312 conditis
297 3251 413 3313 iterum
435 3267 540 3313 sermo
561 3248 602 3314 sit
623 3249 656 3313 C.
673 3248 711 3327 lt,
735 3249 767 3329 d,
789 3263 878 3328 seqq.
900 3248 962 3311 Sed
977 3267 1079 3329 neque
1092 3251 1300 3333 Augustinus,
1315 3263 1352 3320 ut

131 3357 234 3420 credo
250 3396 261 3437 ,=
272 3341 479 3437 improbaret,
508 3359 563 3440 qui
579 3374 673 3437 unam
690 3350 823 3438 poneret
836 3355 1048 3435 vegetentium
1064 3359 1255 3422 creationem
1269 3378 1356 3425 eam·

134 3483 201 3548 que
223 3466 274 3528 die
298 3460 389 3529 tertia
411 3474 509 3530 totam
530 3467 640 3549 utique
658 3471 874 3550 potentialiter
895 3469 1021 3547 iactam,
1046 3470 1101 3531 scd
1124 3476 1155 3532 et
1176 3478 1248 3534 actu
1263 3475 1353 3536 inca*

128 3583 237 3658 ptam,
250 3583 282 3638 et
303 3593 360 3668 per
381 3586 550 3658 sequentes
573 3578 640 3641 dies
660 3581 876 3669 continuatam
891 3585 924 3641 et
945 3578 1210 3657 evolutam;··haec
1223 3583 1353 3663 inquam

132 3681 336 3768 Augustinus
359 3703 424 3750 non
448 3678 654 3768 improbaret,
680 3688 705 3749 si
719 3688 885 3752 nobiscum
907 3669 1025 3752 viveret
1038 3698 1069 3752 et
1084 3689 1164 3752 hane
1179 3690 1357 3753 doctrinam

133 3789 176 3854 en
198 3799 331 3856 naturae
350 3795 512 3858 notatione
523 3796 692 3859 deductam
714 3790 783 3860 esse
796 3797 995 3874 intelligeret.
1011 3796 1068 3868 Qui
1083 3798 1160 3858 haec
1174 3795 1273 3875 probe
1288 3815 1351 3862 uo·
1462 3795 1464 3797 ’

127 3907 211 3966 runt
231 3901 547 3997 etAugustiuianam
570 3904 862 3985 interpretationem
890 3904 1134 3966 hexaemeronis‘
1153 3911 1351 3983 sequuntur,

129 4026 191 4090 per
208 4010 426 4089 longissimam
452 4013 604 4091 temporis
626 4013 792 4092 periodum
805 4011 986 4092 plantarum
1001 4010 1223 4077 formationem
1245 4003 1351 4078 distri-

128 4117 234 4182 buant
254 4136 383 4182 necesse
405 4126 463 4182 est.
486 4119 524 4183 Hi
544 4125 651 4187 autem
671 4120 711 4184 ab
734 4118 913 4202 Augustino
937 4120 1007 4204 i'pso
1029 4122 1228 4229 didicerunt,
1258 4124 1351 4188 tertia

172 4327 187 4380 1
206 4317 335 4385 arara.
355 4324 391 4382 cet
410 4325 451 4384 tn.
463 4326 506 4384 vt,
524 4326 551 4380 t.
