2970 5002
460 685 509 794 tt
542 682 659 797 ttttt
693 681 878 797 tttutttt
910 680 987 797 tttt

608 943 668 1022 (vv.
685 945 715 1004 6.
731 945 760 1007 t.
780 943 826 1023 8.)

648 1143 824 1207 *4⁸³9*

157 1636 319 1703 XXVthl.
334 1634 557 1709 Docetltoses,
574 1633 635 1699 hoc
659 1635 710 1698 die
738 1624 855 1696 lictum
869 1647 950 1712 esse,
974 1629 1104 1693 iubente
1126 1631 1201 1706 beo,
1224 1634 1337 1712 firmu-

111 1754 255 1810 mentnm
271 1746 413 1807 dividens
431 1745 513 1805 inter
526 1744 706 1825 superiores
724 1751 756 1804 et
770 1740 933 1804 interiores
956 1755 1071 1820 aquas,
1099 1745 1132 1800 et
1159 1741 1335 1820 firmamen-

111 1859 216 1916 tuma
232 1853 297 1916 Deo
309 1850 426 1915 coelum
436 1848 691 1931 appellatumltc
704 1849 864 1913 locutione
872 1845 927 1910 Dei
941 1845 1018 1909 nihil
1033 1847 1213 1928 eddamtv.§
1225 1847 1336 1927 XXXt,

111 1963 248 2032 XXXV!
275 1969 297 2050 l.
337 1968 584 2034 Firmamentum
611 1962 764 2041 vulgatae
800 1971 832 2026 et
860 1959 1026 2044 2ceptspn
1047 1963 1333 2028 Alexandrinorum
1361 2005 1364 2010 -

111 2077 327 2162 interpretum
343 2132 350 2164 ,
365 2081 510 2146 hebraice
524 2088 570 2144 est
583 2064 691 2190 W]-
707 2080 792 2143 Bcne
806 2080 895 2143 reddi
910 2081 992 2142 hunc
1007 2096 1114 2143 vocem
1127 2081 1339 2144 retentionem

111 2226 168 2287 vet
185 2224 407 2306 expansionem
421 2240 461 2288 ex
473 2224 576 2291 radice
591 2205 679 2334 ΡΡἹΤ
691 2223 840 2289 distendit
859 2272 866 2302 ,
883 2224 1054 2304 rsepondit,
1070 2225 1145 2289 sutis
1156 2226 1336 2289 communi-

111 2337 168 2395 ter
183 2332 338 2397 affirmant
348 2331 475 2395 eruditi.
491 2331 586 2397 ullae
597 2335 682 2399 enim
696 2331 938 2413 significatione,
956 2332 999 2397 eit
1010 2333 1165 2410 Peresius,
1179 2350 1340 2413 saepenu-

113 2460 134 2496 «
164 2456 254 2503 mero
278 2445 450 2523 usurpatur
464 2438 496 2503 in
509 2440 607 2507 sacris
632 2438 766 2518 litteris,
781 2443 817 2501 ut
831 2437 1078 2506 animadvertere
1104 2439 1178 2504 licet
1190 2440 1230 2505 Is.
1246 2440 1336 2516 tritt,
1368 2420 1370 2425 ¹
1452 2496 1454 2500 .

117 2568 135 2607 u
158 2549 211 2612 Ps.
225 2547 373 2629 CXXXV,
395 2547 456 2613 ier·
473 2549 513 2624 X,
525 2548 658 2635 aliisquo
668 2548 757 2613 locis.
768 2568 786 2611 u
795 2549 1017 2620 distensionem
1028 2549 1335 2639 eutemintetligunt‚

111 2670 182 2719 non
199 2656 330 2720 omuino
351 2673 481 2725 vacuam
497 2673 579 2738 quae
593 2675 657 2722 uon
671 2658 707 2740 tit
723 2656 800 2740 (uon
814 2657 899 2723 cuim
913 2664 963 2720 est
976 2656 1178 2740 substantia),
1191 2657 1245 2721 sed
1257 2658 1331 2721 sub·

112 2766 207 2828 rilem
224 2772 347 2831 tentum
361 2772 393 2828 et
403 2765 593 2833 invisibilem
613 2748 780 2835 materiam
794 2766 825 2829 in
838 2783 872 2829 se
886 2765 1098 2831 continentem
1112 2785 1120 2843 ;
1133 2784 1285 2848 vanuum,
1304 2769 1333 2831 si

115 2873 181 2952 vis,
196 2881 229 2934 at
243 2891 307 2938 non
321 2891 417 2941 sensu
439 2874 588 2941 absoluto
602 2883 638 2940 ut
655 2892 783 2943 omnem
795 2874 944 2943 excludet
958 2875 1121 2945 materiam
1136 2927 1144 2952 ,
1159 2893 1218 2945 nec
1238 2894 1333 2940 seusu

115 2980 328 3064 physicorum
355 2984 368 3066 t
388 2985 445 3069 qul
469 2999 604 3052 vacuum
630 2984 888 3059 torricellianum
910 2993 944 3049 et
963 2983 1153 3069 topicorum
1174 2984 1335 3071 appellant

112 3092 201 3164 illud
214 3091 353 3172 spatium
380 3108 420 3157 cx
440 3109 505 3177 quo
519 3092 647 3159 etastica
660 3093 756 3159 tiuirlc
771 3141 779 3173 ,
794 3101 950 3177 quantum
964 3093 1073 3171 licuit,
1088 3100 1291 3155 extraxerunt
1307 3091 1331 3172 l,

111 3200 174 3262 sed
188 3215 228 3261 eo
242 3197 477 3277 vulgariscnsu,
491 3215 555 3280 quo
568 3217 667 3265 vacue
678 3201 812 3266 dicimus
826 3199 1196 3281 pocuts,lsgencs‚arous,
1207 3196 1330 3279 pixides

111 3319 142 3375 ,et
160 3306 291 3382 similia,
317 3305 445 3386 quando
459 3315 567 3375 curent
580 3307 726 3392 hisquae
747 3306 910 3371 continere
922 3305 1027 3375 sotem
1048 3305 1097 3368 vel
1112 3303 1246 3389 adquae
1260 3305 1333 3370 reti-

111 3416 223 3485 nenda
237 3423 313 3479 sunt
326 3412 480 3493 ordinate,
496 3421 531 3477 et
543 3414 821 3517 unum'continent
834 3419 949 3483 cerem.
965 3415 1083 3486 Tamen
1104 3412 1266 3477 latendum
1281 3419 1330 3475 est

111 3526 231 3588 saltem
246 3525 277 3587 in
289 3524 483 3609 quibusdam
494 3596 497 3601 ,
508 3522 684 3606 scripturae
705 3523 803 3601 locis,
822 3522 870 3589 uti
882 3522 962 3588 inco
975 3522 1029 3611 qui
1045 3523 1192 3593 citaturu
1205 3521 1332 3593 Pererio

111 3633 167 3701 rs.
183 3633 332 3716 CXXXV,
343 3636 488 3715 d,ucccm
502 3630 589 3697 ittam
603 3649 667 3697 nou
682 3632 787 3697 minus
806 3632 990 3713 firmitatem
1000 3637 1057 3703 tut
1069 3631 1279 3701 stabilitatem
1292 3629 1333 3691 si·

111 3739 267 3819 guiticere
279 3740 717 3822 possequnmextcnsienem.
732 3739 841 3825 Neque
853 3739 938 3802 enim
961 3737 1191 3809 contemnende
1204 3741 1331 3799 estrer-
1370 3786 1374 3792 .

111 3848 161 3911 sio
182 3846 262 3911 LXX
276 3856 309 3911 et
320 3847 471 3925 uolgatae
486 3847 764 3933 (firmamentum),
779 3850 967 3917 observante
987 3846 1076 3909 toan.
1090 3842 1232 3923 elerico,
1247 3841 1333 3924 opud

111 3955 217 4036 Syros
244 3953 375 4019 verbum
389 3951 487 4017 rotule
517 3954 692 4034 significare
712 3974 856 4038 premere
876 3962 932 4018 cut
948 3954 1161 4037 comprimere.
1174 3949 1332 4019 Michaelis

115 4061 253 4144 scripsit
270 4064 297 4125 1.
313 4080 332 4123 n
352 4060 400 4126 Ex
414 4060 560 4141 hisquae
588 4064 627 4125 de
639 4063 726 4127 verbi
742 4064 930 4146 significatu,
947 4079 1006 4128 usu
1020 4059 1146 4142 linguae
1169 4059 1332 4127 hebraicae

148 4314 166 4365 1
180 4308 279 4378 Sereni.
292 4310 329 4364 orl
341 4310 404 4367 ter.
418 4308 496 4367 Huic.
508 4325 536 4368 n.
548 4311 627 4368 2386.
