2970 5002
223 252 261 314 ttt

225 385 393 465 producta,
410 397 490 462 quae
505 396 579 441 vero
594 377 762 441 interiectis
776 376 925 457 gradibus
940 374 1158 454 continentur,
1169 388 1202 444 et
1215 399 1301 446 nune
1315 389 1454 450 naturae
1484 359 1485 442 ]

227 492 345 556 viribus
359 489 591 571 producuntur,
607 485 723 549 virtute
738 486 903 549 dumtaxat
914 491 947 551 et
959 488 1152 554 seminaliter
1172 506 1230 554 sen
1242 484 1452 570 carnanter,
1483 469 1485 494 ¹

230 575 307 664 tunc
321 597 377 658 llei
392 596 524 676 imperio
544 594 697 658 extitisse.
713 594 882 672 Augustini
903 595 1027 676 opinio,
1052 614 1178 680 semper
1197 598 1238 661 ab
1259 615 1378 664 errore
1391 596 1453 664 irn-

227 704 457 782 manisbabita,
467 703 611 784 pluribus
624 702 745 783 placuit
759 701 928 791 theologis,
942 721 1023 785 qnos
1035 705 1116 768 inter
1122 705 1254 770 Alberto
1265 705 1389 785 llagno
1400 709 1411 790 (
1421 709 1451 772 ln

228 812 267 874 ll.
290 829 322 892 p.
345 812 466 875 Summ.
493 811 543 875 l'r.
567 809 617 873 lV.
639 828 672 891 q.
689 810 738 873 tl.
751 807 887 874 membr.
909 813 941 875 3.
955 829 1000 875 ar.
1014 811 1079 893 2.).
1101 812 1133 875 S.
1146 811 1283 877 l'bomas
1303 815 1340 876 in
1364 815 1454 879 Sum·

229 935 282 982 ma
297 937 329 1000 p.
344 918 368 980 l.
384 937 415 999 q.
431 920 490 997 rt,
505 935 552 980 ar.
567 918 598 978 2.
615 934 685 980 earn
699 925 870 996 reveretur,
886 925 919 981 et
932 935 990 981 nec
1005 919 1065 999 ipsi
1076 934 1136 982 nec
1148 917 1272 995 vulgari
1285 919 1452 985 doctrinae

230 1026 510 1106 praeiudicandam
524 1025 689 1088 censetllt
701 1024 842 1107 inopere
856 1025 1004 1089 anteriori
1020 1025 1075 1109 lin
1089 1024 1126 1088 ll.
1142 1026 1284 1089 Sentent.
1296 1026 1384 1091 Dist.
1402 1029 1448 1102 ta.

226 1150 273 1197 ar.
282 1133 314 1214 2)
328 1136 371 1198 lta
382 1134 561 1215 scripserat:
574 1134 796 1214 «Augustinus
808 1133 916 1199 vultln
925 1134 994 1215 ipso
1007 1133 1174 1198 orationis
1187 1133 1347 1216 principio
1357 1154 1450 1219 quas·

227 1264 248 1308 a
270 1244 343 1307 dem
363 1260 415 1307 res
436 1261 494 1324 per
505 1244 626 1325 species
637 1261 711 1307 suas
729 1242 894 1307 distinctas
909 1243 1005 1306 luisse
1017 1243 1052 1306 in
1065 1251 1177 1307 natura
1188 1244 1337 1325 propria,
1344 1245 1451 1311 utele-

229 1371 248 1412 «
269 1358 387 1424 menta,
410 1348 709 1430 corpora'eoelestia
723 1354 756 1410 et
766 1348 961 1413 substantias
974 1348 1165 1430 splrituales3
1180 1350 1243 1413 alia
1255 1367 1333 1413 vero
1350 1344 1385 1414 ln
1400 1370 1447 1416 ra·

232 1479 247 1516 «
269 1457 408 1520 tionibus
429 1456 636 1519 seminalibus
657 1462 792 1537 uatum,
807 1463 844 1520 ut
856 1456 1020 1536 auinmlia,
1035 1455 1161 1538 plantas
1175 1464 1209 1520 et
1220 1457 1374 1522 homines
1389 1459 1400 1542 (
1413 1459 1446 1524 Ν.

231 1585 248 1623 a
268 1564 302 1626 B.
318 1581 378 1642 ego
404 1572 489 1627 certe
502 1563 607 1626 minus
621 1563 744 1627 audebo
761 1563 796 1644 l,
820 1581 902 1644 quae
922 1561 1029 1629 omnia
1051 1563 1255 1643 postmodum
1279 1565 1314 1627 in
1328 1565 1450 1629 naturis

227 1693 247 1735 a
271 1673 406 1754 propriis
420 1672 573 1752 producta
588 1671 706 1735 suntin
720 1671 776 1735 illo
787 1689 884 1753 opere
894 1689 971 1757 quo,
985 1671 1233 1754 postsenarium
1244 1671 1380 1737 tllorum
1390 1674 1449 1737 die·

227 1801 246 1844 a
269 1781 448 1861 rum,lleus
459 1787 603 1843 naturam
614 1782 703 1859 prius
715 1783 873 1846 conditam
883 1782 1093 1862 administrat,
1105 1781 1147 1844 de
1159 1797 1225 1862 quo
1250 1799 1353 1864 opere
1367 1782 1449 1848 loon.

226 1910 246 1952 «
271 1888 307 1950 V.
319 1890 444 1951 dicitur:
458 1889 555 1950 Pater
568 1904 654 1952 meaa
666 1905 763 1970 usquc
776 1891 864 1952 modo
876 1895 1072 1970 onerabunt
1086 1906 1138 1970 ego
1148 1906 1272 1970 operor:
1286 1905 1348 1953 nec
1363 1891 1398 1953 in
1412 1889 1450 1953 di-

231 2017 248 2055 o
270 1994 557 2057 stinctionererum
580 1995 807 2059 attendendum
821 2012 891 2058 esse
901 1995 1050 2060 ordinem
1062 1994 1226 2074 temporis,
1245 1992 1304 2059 sed
1315 1988 1449 2062 naturae

227 2120 248 2164 a
270 2110 303 2165 et
313 2101 484 2165 doctrinae.
498 2102 644 2178 Naturae,
660 2101 744 2166 sicut
755 2118 854 2166 sonus
868 2102 1029 2183 praecedit
1043 2107 1172 2166 centum
1185 2103 1371 2167 natumsed
1386 2120 1447 2168 non

228 2231 248 2275 n
270 2212 459 2293 tempore,et
471 2211 605 2292 itaquae
616 2211 802 2274 naturaliter
812 2213 919 2292 priora
931 2210 1205 2293 sunt,·priuslacta
1219 2220 1448 2291 momorantur,

230 2338 249 2382 a
270 2319 352 2383 sicut
368 2319 645 2399 torrapriusqnam
657 2317 818 2397 animalia,
831 2321 1155 2402 etaqaapriusanm
1168 2319 1333 2400 pisces,·et
1354 2320 1449 2384 sicde

228 2447 248 2492 n
272 2428 353 2491 aliis.
366 2426 535 2490 Doctrinae
547 2443 622 2490 vero
633 2426 757 2507 ordine,
771 2427 855 2491 sicut
870 2435 958 2509 patet
975 2428 1008 2491 in
1023 2427 1212 2492 docentibus
1226 2422 1447 2507 geometriam:

227 2555 248 2598 α
270 2536 414 2617 quamvis
433 2535 519 2598 enim
542 2541 647 2615 partes
661 2534 782 2614 figurae
801 2534 870 2598 sine
881 2534 992 2599 ordine
1003 2537 1155 2618 temporis
1168 2535 1306 2615 figuram
1326 2538 1447 2602 conati·

230 2666 246 2704 a
268 2651 370 2724 tuant,
384 2650 489 2707 amen
501 2643 674 2721 geometria
684 2644 788 2721 docet,
801 2642 1059 2708 constitutionem
1072 2641 1141 2707 lieri
1154 2642 1310 2708 trahendo
1326 2635 1445 2709 lineam

228 2771 248 2816 a
273 2758 346 2832 post
360 2738 493 2827 'lineam
516 2759 549 2815 et
569 2751 631 2815 hoc
653 2751 715 2816 luit
733 2750 919 2832 exemplum
931 2749 1081 2815 Platonis.
1104 2751 1150 2814 lta
1169 2752 1265 2815 etiam
1279 2760 1321 2821 xet
1343 2752 1447 2818 doses

225 2880 245 2924 a
266 2861 587 2944 rudempopulumde
597 2862 754 2926 creatione
765 2861 876 2925 mnndi
885 2859 1056 2938 instruens,
1067 2875 1124 2941 per
1131 2867 1236 2941 partes
1247 2860 1356 2926 divisit
1366 2866 1449 2944 queo

227 2991 246 3034 a
268 2972 365 3036 simul
379 2971 460 3035 lacta
471 2979 557 3036 sunt.
570 2970 757 3036 Ambrosius
767 2987 843 3056 uero
853 2970 950 3035 etalii
960 2968 1061 3033 sancti
1071 2975 1198 3049 ponunt
1208 2969 1356 3035 ordinem
1368 2980 1446 3035 tem·

230 3099 249 3143 a
271 3079 358 3160 poris
378 3079 411 3142 in
433 3079 634 3143 distinctione
654 3096 762 3144 rerum
782 3085 954 3157 serratum,
976 3087 1009 3141 et
1028 3078 1105 3142 haec
1119 3077 1248 3158 quidem
1261 3079 1381 3158 positio
1393 3086 1440 3144 est

225 3209 244 3252 κ
265 3187 464 3253 communior
476 3192 508 3251 et
521 3187 620 3267 magis
633 3204 773 3253 consona
786 3187 910 3252 videtur
924 3188 1047 3251 litterae
1060 3193 1216 3269 quantum
1236 3185 1276 3249 ad
1300 3186 1440 3268 superli-

227 3317 247 3359 α
268 3300 359 3359 olem:
376 3298 431 3359 sed
446 3296 532 3374 prior
545 3302 594 3358 est
604 3296 835 3376 rationabilior,
847 3303 881 3359 et
890 3296 991 3375 magis
1005 3296 1046 3358 ab
1061 3295 1205 3359 irrisione
1218 3292 1397 3359 infidelium
1413 3312 1439 3358 s.

182 3399 186 3406 '
225 3422 245 3465 a
265 3399 654 3482 Scripturamdelendebs,
669 3400 756 3484 qaod
776 3400 867 3465 valde
887 3402 1119 3467 observandum
1141 3403 1235 3464 docet
1253 3400 1338 3480 Aug.
1360 3400 1437 3482 Sap.

101 3577 104 3583 ,
225 3531 244 3573 a
268 3512 345 3573 Gen.
362 3510 395 3574 l..
410 3511 448 3588 l.,
463 3515 499 3572 ut
512 3512 557 3572 sic
568 3511 741 3591 scripturae
752 3518 963 3594 exponantur,
975 3512 1062 3594 quod
1074 3511 1114 3576 ab
1125 3509 1307 3574 infidelibus
1319 3526 1387 3574 non
1398 3509 1439 3572 ir-

225 3639 244 3683 a
265 3620 437 3695 rideantur;
461 3624 494 3680 et
514 3618 592 3681 bace
604 3618 712 3698 opinio
726 3619 799 3700 plus
813 3620 891 3684 mibi
905 3620 1017 3701 placet.
1032 3618 1170 3682 »Obiter
1183 3616 1442 3681 animadverten-

224 3728 302 3791 dum
315 3731 375 3806 est,
389 3725 504 3787 vidisse
515 3725 706 3807 Aquinatem
720 3725 750 3788 vi
763 3726 890 3806 ingenii,
906 3742 989 3807 quae
1003 3742 1128 3789 summa
1141 3730 1174 3788 ln
1188 3741 1228 3788 eo
1248 3723 1320 3804 luit,
1341 3723 1443 3802 lenge

221 3843 293 3898 ante
307 3831 516 3899 recentiorum
531 3832 765 3896 observationes
778 3840 811 3896 et
825 3833 961 3911 inventa,
980 3848 1044 3896 non
1055 3831 1146 3895 facile
1160 3829 1332 3894 mosaicam
1353 3846 1444 3894 ¹creu-

221 3943 315 4006 tionis
331 3942 494 4005 historiam
507 3942 548 4005 ab
562 3940 738 4004 infidelium
753 3941 957 4005 irrisionibus
969 3932 1253 4017 omnino'd'elendi,
1277 3939 1304 4002 si
1318 3938 1444 4018 vulgari

220 4047 445 4126 intelligentiae
458 4049 698 4123 adhaereamus,
713 4047 745 4112 et
759 4048 840 4112 illud
852 4048 884 4111 in
898 4048 1008 4130 primis
1018 4047 1168 4112 babuisse
1181 4061 1384 4127 persuasum,
1397 4045 1444 4109 la·

219 4155 370 4219 cilitatem
384 4152 599 4218 defendendae
613 4157 653 4221 ab
668 4155 849 4223 huiusmodi
861 4155 1061 4221 irrisionibus
1074 4153 1251 4232 scripturae
1267 4168 1343 4233 prae
1364 4169 1443 4218 ocu-

223 4264 262 4330 lis
276 4263 454 4331 habendam
467 4279 486 4329 a
499 4280 589 4332 sacro
602 4265 785 4350 interprete,
799 4266 877 4344 duan
890 4284 957 4359 uqa
974 4264 1056 4336 satis
1074 4261 1243 4347 perspicua
1264 4262 1335 4328 loca
1356 4277 1437 4342 per-
