2984 5004
105 340 263 400 10·

109 473 316 536 «affirmative
330 479 361 534 et
374 476 588 534 asseveranter
602 470 775 535 sentiamus
783 475 821 533 'et
835 471 975 536 dicamus
987 477 1073 554 quod
1085 485 1239 556 repugnet
1251 494 1322 540 rna-

107 604 124 644 «
147 583 269 644 nilestis
283 583 505 662 experimentis
518 588 550 644 et
562 581 735 644 rationibus
748 581 966 662 philosophiae
978 582 1026 645 vel
1039 583 1171 647 aliarum
1184 585 1326 666 discipli-

112 712 127 747 «
148 692 364 767 narumNam,
382 707 454 752 curn
468 707 579 752 verum
592 707 686 752 omne
700 691 825 768 semper
840 708 912 753 aum
924 708 997 754 vcro
1010 700 1172 771 congruat,
1188 709 1252 755 non
1264 709 1322 772 po·

104 818 121 857 «
145 806 205 860 lest
219 801 331 860 veritas
346 816 506 863 sacrarum
521 797 682 861 literarum
697 799 777 860 reris
794 799 970 862 rationibus
982 806 1013 861 et
1025 801 1247 880 experimentis
1260 801 1324 864 hu-

110 910 129 962 «
145 923 310 970 manarum
325 908 539 970 doctrinarum
554 924 623 970 esse
638 907 792 968 contraria
807 906 980 986 ›aldipsum
987 908 1184 985 Augustinus
1198 909 1319 971 docue-

104 1022 155 1077 rat
168 1016 216 1075 his
232 1016 344 1076 verbis.
366 1037 381 1073 a
394 1015 427 1077 Si
440 1015 622 1077 manifestae
636 1021 803 1095 certaeque
816 1015 930 1077 rationi
944 1016 1028 1076 velut
1039 1033 1199 1078 sacrarum
1212 1017 1322 1078 litera-

64 1148 68 1154 ·
104 1143 118 1178 «
133 1141 203 1184 rum
218 1123 364 1213 obiicitur
377 1124 624 1204 auotoritas‚non
638 1122 782 1200 intelligit
796 1125 851 1203 qui
865 1123 925 1186 boc
939 1123 1058 1200 incitet
1071 1126 1321 1204 nonscripturae

104 1251 122 1290 «
138 1216 276 1307 sensum,
292 1231 341 1312 (ad
358 1248 453 1312 quem
469 1232 633 1310 penetrare
648 1247 710 1292 non
726 1230 904 1310 potuitlsed
919 1245 1013 1293 suum
1024 1233 1249 1312 poliusobiieit
1261 1252 1320 1294 ve-

109 1360 123 1395 «
146 1339 246 1414 ritati3
263 1357 320 1424 neo
334 1339 365 1401 id
380 1340 465 1420 quod
479 1341 573 1418 inea,
589 1340 644 1401 sed
658 1340 689 1400 id
703 1339 790 1418 quod
804 1339 835 1401 in
849 1356 884 1400 sc
896 1341 961 1420 ipse
974 1341 1059 1403 velut
1072 1358 1129 1420 pro
1140 1359 1176 1404 aa
1189 1343 1318 1422 invenit,

110 1464 126 1500 «
149 1445 318 1524 opponit.»
338 1446 473 1526 (lipvh
486 1448 526 1508 ad
538 1446 707 1508 Marcellin.
721 1446 743 1526 l.
757 1444 849 1507 Plura
863 1450 896 1506 in
906 1447 1050 1510 eamdem
1063 1450 1250 1511 sententiam
1264 1448 1320 1511 ha-

108 1553 162 1614 bot
174 1553 204 1614 in
221 1554 306 1616 libris
319 1556 358 1616 de
370 1557 446 1617 Gen.
461 1555 559 1617 adlit.
582 1556 686 1620 Unum
700 1562 755 1617 aut
768 1555 903 1618 alterum
916 1554 1056 1619 afferam.
1074 1557 1164 1619 «Hoc
1185 1546 1316 1620 indubi-

109 1682 124 1717 ε(
148 1671 249 1724 ranter
271 1664 441 1727 tenendum
457 1669 513 1738 est,
533 1669 568 1724 ut
582 1663 736 1744 quidquid
751 1663 908 1743 sapientes
924 1662 1018 1728 huius
1032 1666 1144 1726 mundi
1155 1665 1194 1726 de
1207 1672 1318 1727 natura

87 1742 119 1833 x«
143 1772 403 1834 rerumveraciter
411 1773 629 1834 demonstrare
639 1772 1016 1852 potuerint,ostendamus
1028 1773 1240 1835 nostrislibris
1253 1763 1316 1836 non

106 1903 120 1938 ιι
144 1897 213 1942 osse
226 1880 430 1957 contrariam
446 1880 598 1961 quidquid
612 1881 777 1942 autemalii
787 1883 887 1945 inanis
902 1881 1322 1944 voluminibnscontrarium

103 2012 120 2050 «
143 1991 239 2051 sacris
253 1989 352 2051 literis
367 1993 493 2070 docent,
509 1991 576 2052 sine
590 1991 656 2054 ulla
668 1991 862 2054 dubitatione
877 1992 1043 2053 credamus
1057 1988 1090 2051 id
1113 1989 1317 2051 falsissimum

105 2121 120 2156 a
141 2105 211 2158 esse
222 2105 265 2176 et,
281 2097 441 2176 quomodo
455 2095 636 2176 possumus,
652 2097 747 2159 etiam
762 2092 977 2172 ostendamus
993 2100 1087 2174 atque
1099 2096 1140 2157 ita
1154 2103 1316 2159 teneamus

102 2225 120 2263 «
143 2205 237 2264 tidem
252 2204 376 2266 Domini
390 2205 497 2280 nostri,
512 2203 543 2264 in
557 2222 620 2284 quo
635 2215 709 2265 sunt
723 2203 900 2265 absconditi
917 2200 1027 2263 omncs
1039 2202 1176 2263 thesauri
1190 2204 1319 2283 sapien-

105 2333 119 2368 «
142 2312 213 2387 tiae,
229 2319 380 2391 utneque
392 2311 486 2372 falsae
502 2310 721 2390 philosophiae
736 2310 924 2388 loquacitate
935 2308 1135 2386 seducamur,
1150 2327 1252 2390 nequo
1274 2312 1318 2371 si-

101 2440 119 2480 «
141 2421 281 2482 molatae
296 2420 454 2498 religionis
469 2419 694 2500 superstitione
711 2426 893 2480 terreamur.
909 2436 927 2475 n
943 2415 1008 2497 (tib
1024 2421 1052 2480 l.
1070 2421 1101 2481 C.
1118 2422 1168 2482 21.
1180 2419 1203 2498 J.
1224 2444 1238 2477 «
1253 2420 1315 2482 Sed

102 2551 118 2587 «
140 2529 182 2590 ait
197 2528 321 2607 aliquis,
336 2529 496 2618 quomodo
522 2545 585 2591 non
606 2536 655 2589 est
676 2525 868 2588 contrarium
890 2524 927 2585 iis
941 2526 1142 2604 qui‘liguram
1165 2527 1319 2605 sphaerae

105 2661 119 2696 «
140 2639 228 2700 coelo
244 2638 396 2711 tribuunt,
413 2639 660 2718 quodsoriptum
676 2642 724 2697 est
739 2633 870 2694 inlibris
886 2638 1011 2696 nostris:
1022 2637 1075 2716 qrai
1089 2635 1234 2698 sostendit
1248 2654 1320 2698 coe-

99 2765 118 2808 «
142 2745 205 2806 lem
220 2745 448 2824 siculpellcm?
461 2744 507 2808 Sit
521 2744 596 2808 'sane
610 2744 814 2821 contrarium,
838 2742 864 2804 si
886 2743 1000 2806 falsum
1021 2734 1175 2823 estquod
1197 2743 1241 2803 illi
1266 2744 1319 2828 di-

101 2873 120 2912 «
144 2863 228 2914 cunt:
244 2855 303 2916 boo
317 2856 400 2916 enim
417 2872 525 2916 verum
538 2851 685 2933 estquod
700 2850 803 2911 divina
819 2851 896 2912 dicit
909 2853 1088 2914 Auctoritas
1104 2852 1320 2932 potiusquam

105 2983 118 3018 a
140 2962 217 3022 illud
234 2964 318 3042 quod
334 2964 469 3026 humana
488 2961 649 3024 infirmitas
665 2959 800 3021 coniicit:
818 2959 873 3020 sed
889 2960 914 3020 si
930 2960 1010 3021 forto
1032 2959 1110 3022 illud
1133 2959 1249 3021 talibus
1273 2960 1320 3023 illi

105 3093 119 3127 «
144 3071 338 3134 documentis
352 3073 485 3151 probare
498 3071 668 3150 potuerint,
683 3075 719 3129 ut
733 3059 870 3130 dubitari
885 3071 1032 3133 iudanon
1048 3070 1169 3145 debeat,
1186 3071 1322 3130 demon-

103 3202 121 3242 «
145 3184 307 3244 strandum
319 3183 446 3260 est‚hoe
459 3179 544 3260 quod
560 3177 644 3258 apud
659 3178 790 3242 Nostros
805 3189 853 3241 est
868 3178 906 3240 de
922 3179 1006 3258 pelle
1024 3179 1143 3242 dictum
1156 3180 1238 3240 veris
1255 3179 1320 3239 illis

78 3333 81 3343 .
107 3312 121 3345 (ι
144 3291 315 3350 rationibus
332 3306 393 3349 non
409 3306 477 3347 esse
493 3286 742 3366 contrarium».*(
757 3286 823 3348 Lib.
838 3287 873 3348 ll.
887 3287 920 3349 C.
934 3289 964 3348 9.
981 3287 1058 3349 Vide
1071 3295 1111 3348 et.
1127 3286 1160 3348 L.
1174 3285 1198 3346 l.
1213 3285 1246 3346 C.
1265 3286 1315 3362 13,

102 3397 151 3457 19.
166 3396 201 3457 L.
216 3396 252 3456 ll.
266 3412 356 3474 propt
370 3391 422 3452 fin.
439 3391 460 3470 l.
475 3391 594 3453 Similia
609 3391 773 3454 babetnon
788 3411 851 3455 uno
867 3394 899 3454 in
915 3395 985 3456 loeo
998 3413 1022 3456 s.
1038 3394 1173 3455 Thomas
1188 3391 1216 3450 1.

136 3503 187 3563 lll.
204 3503 238 3563 ln
255 3501 346 3562 huius
361 3499 470 3576 capitis
485 3499 681 3575 expositione
695 3500 884 3581 praecipuus
907 3508 997 3572 meus
1012 3516 1128 3578 scopus
1140 3505 1188 3560 est
1202 3505 1236 3559 nt
1258 3497 1316 3558 de-

100 3606 1310 3694 rmmmm‚QMmcsmmbmmmmmmmmMmbmmmo

35 3738 37 3743 ·
98 3736 171 3779 nem
185 3719 318 3780 solidam
332 3716 542 3776 obtectionem
557 3731 758 3795 consurgere3
775 3712 917 3800 quinimo
929 3725 1022 3798 spero'
1033 3736 1083 3780 me
1096 3725 1312 3793 ostensurum,

102 3823 1313 3907 mmmmaMmfflmmmmmmmmmffismmmmmmmmmem

99 3933 247 3992 veritates
268 3946 327 4007 per
341 3929 439 3989 multa
455 3933 580 3994 saecula
602 3942 674 4012 post
688 3934 797 3996 bloscn
814 3935 994 3996 bominibus
1009 3937 1179 4012 ignoratas,
1195 3926 1314 3991 indica-

98 4054 150 4098 re:
164 4043 201 4096 ut
211 4050 274 4094 nan
288 4035 447 4098 inlirmum
463 4038 535 4101 inde
556 4057 613 4120 pro
629 4041 734 4101 divina
748 4040 832 4102 illius
847 4040 995 4102 historiae
1010 4040 1200 4103 rerelatione
1214 4055 1314 4113 argu-

97 4149 241 4204 mentum
264 4155 421 4243 easurgat.
439 4144 478 4209 Ut
490 4147 550 4210 hoe
563 4147 730 4210 commode
745 4147 817 4228 liat,
851 4156 923 4211 ante
945 4145 1053 4209 omnia
1071 4142 1248 4209 tollendam
1274 4145 1314 4205 da

128 4350 144 4401 1
162 4351 236 4406 Sum.
257 4357 278 4409 1.
300 4369 326 4424 p.
342 4356 426 4424 aba.
446 4371 485 4411 ar.
508 4361 534 4410 1.
553 4365 580 4411 et
599 4364 689 4424 opusc.
705 4359 748 4414 10.
