2970 5002
133 288 174 353 m

133 434 235 486 terum
251 420 341 484 alteri
355 425 401 482 cst
415 418 708 499 superimpositum,
728 423 760 481 el
772 418 852 482 inter
867 435 900 482 se
911 426 979 482 tum
991 416 1150 480 massiliae
1168 415 1352 497 duritiaque

132 532 290 606 differunt,
316 539 384 591 tunt
406 538 518 591 tratura
532 529 782 591 substantiarum
794 531 996 592 mineralium
1015 545 1073 590 seu
1087 526 1344 604 inorganiearum

131 629 247 720 quibus
261 646 417 711 constant,
433 649 565 700 necnon
580 637 622 701 ob
645 639 854 716 praesentiam
878 637 925 699 vel
948 637 1139 715 absentiam,
1161 635 1292 714 copiam
1318 641 1350 695 et

129 749 342 809 diversitatem
357 747 516 826 fossilium
528 748 756 827 erquuieorum,
767 764 850 826 quae
865 754 940 808 sunt
953 746 1104 825 reliquiae
1119 760 1295 823 corporum
1309 743 1348 804 ad

130 872 226 933 regna
248 857 393 932 organica
409 857 645 935 pertinentium,
661 873 739 936 quae
753 855 868 916 exiliis
884 871 978 934 saepe
999 854 1206 916 effodiuntur.
1224 852 1345 914 Verum

129 964 155 1027 si
169 965 244 1026 satis
258 965 490 1044 progredimur,
506 963 626 1027 fossilia
647 964 727 1027 haec
747 962 911 1042 deficiunt,
931 970 963 1024 et
986 963 1148 1025 distinctio
1169 969 1346 1024 stratorum
1375 935 1380 953 ⁴

128 1075 235 1138 minus
245 1072 410 1134 rnanifesta
425 1075 539 1149 eradit,
553 1081 585 1134 et
599 1072 624 1134 si
640 1074 724 1135 ultra
736 1073 831 1135 etiam
842 1073 1003 1134 excavatio
1017 1071 1258 1152 produceretur,
1274 1079 1344 1132 tan·

128 1184 201 1244 dem
217 1182 340 1244 nullum
356 1182 448 1244 huius
464 1181 615 1243 indicium
638 1182 816 1262 adpareret,
829 1180 885 1243 sed
900 1180 1104 1261 probabiliter
1124 1196 1228 1241 massa
1245 1196 1342 1240 saxea

129 1299 294 1371 eotnpucta
310 1291 500 1369 reperiretur
515 1292 646 1368 ignotae
660 1289 895 1370 profunditatis:
913 1289 982 1351 talis
1004 1288 1089 1350 enim
1114 1305 1228 1363 massa,
1248 1287 1342 1367 quasi

129 1399 213 1461 basis
228 1396 382 1478 quaedam
395 1445 402 1475 ,
417 1414 540 1476 semper
553 1404 649 1460 strata
665 1397 804 1458 cernitur
817 1398 991 1471 sustinere,
1008 1398 1061 1458 ubi
1077 1396 1226 1458 ultimum
1242 1412 1284 1456 ex
1300 1395 1351 1456 his

129 1506 339 1584 conspicitur.
351 1505 382 1567 Si
393 1506 425 1566 in
438 1514 563 1567 lemene
575 1505 692 1568 collino
705 1505 752 1566 vel
766 1511 916 1567 montano
929 1503 1079 1582 fodimus,
1093 1505 1204 1566 eadem
1218 1503 1347 1568 iuveni-

130 1627 213 1683 mus,
230 1609 291 1672 nisi
314 1611 399 1690 quod
415 1617 511 1670 strata
523 1607 595 1688 plus
610 1608 659 1670 vel
675 1607 778 1669 minus
801 1607 930 1688 obliqua
943 1625 1015 1670 esse
1029 1608 1144 1671 solent.
1159 1609 1342 1691 Aliquoties

128 1717 288 1780 verticalis
303 1724 386 1779 sunt:
399 1734 610 1796 verumsuper
622 1696 698 1778 llaec
712 1715 838 1796 obliqua
850 1725 904 1778 aut
915 1715 1074 1778 verticalis
1086 1733 1149 1780 nou
1160 1735 1341 1799 numquam

128 1827 189 1888 alia
201 1827 415 1888 extenduntur
430 1825 647 1888 horizontalia:
664 1825 835 1904 aliquando
853 1831 986 1887 stratum
1002 1824 1207 1888 directionem
1223 1835 1344 1909 mutat,

129 1941 214 1997 etex
236 1935 367 2014 obliquo
392 1934 426 1995 fit
441 1935 645 2012 horizontale,
660 1933 708 1996 vel
723 1934 869 2014 opposite
882 1934 1048 2015 obliquum
1066 1954 1073 1995 ε
1098 1951 1345 2017 nonnumquam

127 2049 226 2103 strata
243 2041 377 2121 abrupta
391 2047 507 2102 suntet
519 2054 591 2120 pars
606 2040 704 2103 altera
718 2041 848 2104 inferius
866 2042 1032 2121 reperitur,
1059 2043 1108 2104 vel
1129 2043 1210 2104 duae
1236 2054 1345 2123 partes

128 2149 314 2211 abinvicem
330 2149 496 2215 recessisse
510 2149 668 2230 videntur,
684 2156 716 2212 et
731 2149 820 2211 vallis
835 2150 1060 2229 interponitur:
1076 2167 1170 2231 saepe
1181 2169 1257 2216 roro
1272 2153 1345 2214 bia-

130 2266 181 2321 tus
198 2260 336 2339 repletus
352 2260 507 2322 invenitur
520 2258 660 2321 materiis
671 2259 876 2321 mineralibus
890 2276 908 2319 a
923 2261 1054 2322 materia
1065 2261 1222 2340 parietum
1238 2263 1345 2324 omni·

130 2387 172 2431 no
195 2370 338 2431 diversis.
353 2369 395 2430 'At
415 2370 441 2430 si
457 2371 488 2430 in
504 2368 621 2432 montis
637 2369 752 2431 vertice
767 2368 904 2432 fodimus
922 2417 929 2448 ,
946 2368 1001 2432 ubi
1014 2387 1108 2449 rupes
1127 2370 1167 2433 sit
1183 2380 1346 2453 compacta

130 2478 279 2557 nullaque
291 2478 444 2558 adparent
456 2484 563 2554 strala;
574 2485 641 2540 tum
655 2478 751 2553 nulla,
765 2477 967 2558 quantumvis
975 2478 1280 2559 effodiamus,strata
1297 2500 1348 2545 re·

130 2589 299 2666 pariamus,
318 2585 373 2649 sed
387 2601 511 2665 semper
522 2587 699 2650 continuom
713 2604 838 2650 saxeam
854 2604 989 2668 rupem,
1004 2588 1087 2651 illius
1110 2588 1246 2652 similem
1260 2567 1361 2671 quaev

129 2704 301 2759 stratorum
324 2697 355 2756 ia
370 2695 465 2776 plano
476 2705 506 2758 et
519 2697 549 2758 in
564 2697 739 2759 minoribus
751 2697 912 2759 montibus
925 2697 1093 2760 basesesse
1105 2699 1263 2763 videntur.
1273 2702 1341 2764 llac

129 2823 224 2884 rupes
239 2805 401 2868 continuae
420 2805 661 2887 (ducebatis),
676 2807 757 2867 aliae
772 2808 846 2868 item
861 2807 944 2869 baud
968 2807 1128 2870 absimiles
1150 2808 1211 2870 iliis
1229 2809 1342 2891 eisque

129 2915 310 2976 immediate
329 2915 557 2994 superpositae,
576 2915 631 2976 sed
646 2915 676 2975 in
692 2920 789 2976 strata
804 2917 982 2994 distinctae,
997 2917 1133 2978 etetiam
1145 2933 1238 2996 saepe
1252 2918 1345 2981 folia-

133 3039 205 3083 ceae
216 3041 284 3101 seu,
296 3032 331 3085 ut
346 3024 647 3102 dicuntscbistosce,
663 3039 806 3103 quaeque
817 3024 933 3104 pariter
945 3025 1104 3089 fossilibus
1119 3029 1275 3104 organicis
1291 3047 1341 3093 ca·

131 3139 209 3207 rent,
222 3131 405 3210 primitivae
420 3148 475 3192 seu
494 3131 712 3208 primordiales
725 3131 786 3194 dici
799 3133 915 3195 solent.-
925 3134 1101 3195 Fossilifera
1117 3136 1267 3198 dicuntur
1280 3145 1345 3199 ter-

130 3244 238 3301 reua1
257 3241 287 3301 in
303 3240 417 3319 quibus
433 3238 550 3300 fossilis
566 3237 711 3315 organica
727 3244 937 3320 reperiuntur,
961 3260 1041 3323 quae
1055 3249 1177 3305 terrena
1191 3246 1334 3324 primiti-

70 3397 76 3410 .
129 3347 175 3408 vis
190 3347 251 3408 illis
267 3346 513 3427 superimposita
528 3352 613 3407 sunt.

171 3456 237 3519 Una
253 3472 324 3517 cum
340 3455 451 3516 tellure
466 3465 586 3519 creatos
601 3461 911 3540 moutesprimiticos
931 3461 1027 3524 veluti
1041 3469 1158 3525 certum
1170 3463 1342 3529 ueritatem

128 3562 300 3622 sumebant
315 3562 473 3640 nonnulli,
489 3563 569 3625 inter
584 3583 664 3646 quos
679 3567 836 3630 Gerdilius
854 3569 881 3630 2.
898 3567 1012 3631 Verum
1025 3569 1102 3630 baec
1115 3571 1258 3632 doctrina
1275 3590 1341 3634 noa

132 3678 237 3748 potest
250 3671 385 3750 amplius
402 3672 539 3734 defendi.
555 3675 632 3738 Nam
651 3663 842 3752 in'terrem‘s,
861 3683 896 3737 ut
910 3685 1032 3753 vocant,
1046 3678 1232 3754 primitivis,
1246 3678 1341 3756 longe

131 3780 231 3858 magis
245 3797 340 3860 quam
355 3780 387 3840 in
402 3781 482 3862 aliis,
500 3783 569 3863 plus
585 3784 727 3847 minusve
743 3765 888 3846 distincta
904 3793 958 3846 aut
977 3785 1120 3864 confusa,
1136 3787 1274 3866 perfecta
1289 3789 1340 3849 vel

168 3947 181 3994 1
202 3946 343 3998 ferronum
360 3946 456 4022 dicitur
473 3938 597 4016 Geologis
618 3965 721 4004 summa
747 3962 900 4002 massarum·
915 3949 1127 4019 inorganicarum
1147 3966 1235 4018 qnae,
1256 3965 1339 4018 quan·

130 4047 229 4097 tuturis
247 4047 369 4102 differant
387 4049 471 4116 quoad
490 4050 604 4115 speciem
620 4058 646 4102 et
664 4049 817 4115 originem,
844 4050 971 4118 producta
999 4059 1086 4105 tamen
1104 4049 1227 4104 videntur
1246 4048 1339 4103 eadem

132 4146 257 4209 temporis
277 4149 392 4213 periodo.
422 4153 461 4202 lta
480 4149 603 4203 dicuntur
621 4154 729 4203 terreno
744 4151 909 4219 primitivo,
929 4150 1109 4229 secundaria,
1128 4146 1278 4214 inferiora,
1298 4161 1342 4200 su-

128 4242 255 4306 periora,
274 4254 324 4296 etc.
687 4237 689 4241 ¹

164 4341 296 4409 usupare
315 4344 491 4398 d’istmzioae
510 4344 571 4397 troi.
591 4359 653 4414 opp.
673 4344 715 4401 ad.
735 4349 812 4399 llum
833 4345 862 4397 Τ.
882 4345 912 4394 Χ.
933 4350 967 4408 μ’
979 4339 1041 4391 312.
