2970 5002
1216 341 1219 347 .
1291 288 1350 354 lia

114 422 170 488 bis
188 420 354 504 opiniones
372 471 379 502 ‚
396 439 452 486 cur
466 438 584 502 quaeso
602 471 609 502 ,
624 422 728 484 lucem
754 437 836 503 quae
862 420 1032 503 splendore
1050 440 1109 488 suo
1130 425 1213 488 diem
1236 426 1339 502 iaciat,

118 533 223 596 biduo
245 538 316 593 ante
338 530 439 593 solem
461 531 613 594 induxit?
633 530 699 602 Qua
720 529 935 595 decausaboc
951 532 1053 594 Moses
1069 534 1266 613 paradoxum
1280 543 1346 597 sta·

115 648 214 720 tuat,
237 657 294 702 nos
317 640 464 715 tandem,
486 641 559 703 luce
577 640 771 726 ¹recentioris
793 640 941 703 scientiae
966 641 1159 724 illuminati,
1182 647 1343 727 explicare

122 733 299 832 possumus
323 750 364 832 (ᾖ
386 747 511 814 xxxlv
527 748 549 830 ).
572 749 614 812 At
635 757 720 822 certe
741 767 806 813 uon
827 757 895 812 erat
914 749 991 813 haec
1016 757 1080 814 tam
1106 752 1196 815 obvia
1222 772 1259 816 ac
1273 756 1343 818 vul-

118 860 206 939 garis
225 861 398 951 cogitatio,
418 868 453 922 ut
478 859 579 920 menti
599 858 803 940 hominisqui
818 865 902 922 essct
921 859 1124 941 physicarum
1136 879 1242 924 rerum
1256 862 1343 942 igna-

120 976 257 1030 rusaut
278 969 347 1030 rudi
368 967 600 1050 mancipiorum
635 968 752 1048 vulgo,
789 966 857 1029 sina
881 968 961 1032 lucis
982 968 1129 1032 coelestis
1153 970 1339 1052 adiutorio,

115 1095 174 1156 per
197 1095 231 1139 se
251 1076 501 1155 facilcaffulgero
523 1085 641 1156 posset.
658 1077 720 1139 Cur
732 1078 870 1158 plantae,
886 1077 955 1158 ipso
970 1086 1099 1141 auctore
1115 1130 1121 1153 ,
1139 1084 1212 1141 ante
1238 1097 1335 1160 quam

117 1196 205 1249 astra
226 1186 416 1266 adparerent
437 1194 565 1275 exortae
587 1187 688 1249 sunt‘l
711 1185 807 1248 Estne
828 1187 899 1250 talis
928 1188 1071 1250 doctrina
1094 1187 1171 1249 baec
1189 1206 1291 1268 ‚quae
1307 1189 1344 1250 in‘

116 1292 237 1358 indocti
259 1294 397 1357 bominis
418 1296 521 1377 capita
541 1302 654 1377 sponte
672 1312 729 1357 sua
752 1294 899 1358 fruticare
922 1302 1018 1378 queat
1034 1347 1041 1375 ,
1057 1297 1116 1359 nisi
1128 1296 1220 1375 pluat
1235 1297 1342 1359 Domi·
1410 1330 1413 1343 ·

113 1423 176 1468 uus
196 1406 278 1468 Deus
300 1405 337 1467 dc
357 1405 440 1468 coelo
460 1422 555 1487 suaper
575 1404 695 1467 aridam
716 1403 783 1467 eius
805 1413 945 1467 mentem
976 1412 1008 1467 et
1035 1403 1144 1483 irriget
1157 1405 1274 1466 illam?
1298 1405 1342 1467 lis

115 1515 246 1596 quidem
267 1515 370 1578 verbis
393 1507 493 1596 iisque
513 1513 703 1593 imaginibus
725 1513 827 1576 Moses
854 1516 975 1590 utitur,
992 1531 1073 1593 quaa
1088 1519 1194 1575 essent
1208 1513 1248 1575 ad
1263 1514 1336 1577 rul-

118 1624 152 1701 gi
174 1631 302 1702 captum
322 1621 571 1693 accomodalaa,
596 1628 633 1681 ut
655 1621 768 1682 saltem
789 1620 980 1683 narrationis
1002 1638 1077 1682 suae
1100 1622 1249 1683 corticem
1270 1621 1339 1683 vul-

124 1712 191 1808 gus'
210 1736 316 1790 tencre
338 1743 374 1789 ac
398 1733 525 1803 gustaro
545 1731 672 1805 posset:
696 1741 806 1787 verum
827 1725 967 1788 medulla
987 1742 1068 1807 quae
1096 1725 1340 1788 subeocorlice

119 1823 218 1914 latet,
247 1845 310 1897 tam
332 1837 427 1914 longe
449 1833 539 1897 abest
557 1840 597 1896 >ut
623 1850 641 1893 a
660 1832 747 1895 rudis
758 1831 844 1911 vulgi
857 1850 951 1896 seusu
966 1832 1111 1896 haustam
1123 1850 1192 1895 sese
1208 1832 1333 1914 prodat,

120 1963 218 2026 quam
239 1963 256 2006 a
280 1944 543 2026 philosophorum
564 1942 647 2006 iilius
668 1941 735 2004 aevi
756 1935 910 2005 doctrinis
934 1941 1094 2027 abhorret.

160 2051 269 2114 Obiter
284 2053 335 2118 hic
349 2051 442 2113 liceat
455 2053 534 2113 mibi
548 2051 811 2129 animadvertere,
827 2032 892 2112 uon
907 2067 1001 2131 posse
1014 2057 1079 2111 tam
1101 2047 1194 2111 facilc
1208 2047 1257 2109 bis
1270 2063 1334 2112 no·

114 2162 190 2224 stris
206 2159 403 2237 temporibus
417 2158 529 2220 doctos
544 2159 626 2220 viros
642 2159 674 2219 in
687 2159 793 2219 medio
808 2158 994 2236 consistere,
1007 2166 1044 2219 ut
1060 2175 1118 2219 nec
1131 2157 1213 2218 inter
1229 2156 1340 2236 physi-

114 2286 169 2330 cas
184 2267 330 2330 scientias
346 2275 378 2328 et
392 2267 562 2352 mosaicam
578 2265 807 2342 narrationem,
832 2267 973 2347 aliquam
999 2268 1082 2329 viam
1107 2264 1339 2328 conciliationis

116 2376 204 2438 ultro
217 2376 386 2439 admittant
397 2392 501 2456 neque
512 2374 608 2452 illam,
620 2377 709 2452 quasi
719 2374 924 2457 antiquorum
938 2382 1117 2456 temporum
1129 2373 1339 2452 ignorantiam

116 2478 289 2559 redoleret,
305 2486 519 2542 contemnant.

157 2587 336 2662 Redeamus
349 2587 388 2651 ad
403 2585 435 2651 C.
449 2585 474 2669 1,
487 2594 519 2650 et
534 2587 639 2668 trium,
664 2573 943 2669 quaerimoniam,
966 2586 1090 2652 dierum
1115 2601 1212 2665 opera
1235 2602 1340 2666 perso-

116 2709 263 2779 quamur.
904 2702 906 2706 ’
930 2701 931 2705 ’
