2970 5002
255 257 314 320 lto
357 269 360 273 ’

252 402 301 458 est
315 445 323 473 ,
339 393 487 459 ostendit.
502 395 534 458 S.
557 392 690 459 Thomas
711 390 727 443 ¹
746 395 846 475 putat,
868 388 920 455 bic
940 406 999 474 per
1014 387 1129 454 bestias
1156 383 1293 466 inteltipi
1312 385 1438 454 animalia

250 519 371 584 suevo,
395 510 432 567 ct
455 504 527 567 urai
557 511 588 567 et
617 502 731 579 leones,
757 519 821 565 non
845 516 920 566 vero
943 499 1033 562 mitia
1051 549 1059 576 ‚
1080 506 1117 562 nt
1137 497 1226 560 certa
1249 505 1280 560 et
1301 513 1475 590 deprecarer

251 612 349 674 Addit
370 631 462 694 oper
481 613 605 695 reptilia
628 630 703 677 vero
728 611 898 688 animalia,
928 627 1009 692 quae
1034 609 1082 670 vel
1106 625 1171 671 non
1194 606 1312 675 habent
1337 607 1435 686 pedes,
1473 622 1475 633 ·

251 721 404 801 «quibus
427 722 589 786 eleventur
609 740 628 784 a
649 730 757 800 terra,
784 726 821 797 ut
843 727 1015 799 serpentes,
1041 716 1091 778 vel
1113 715 1230 779 hibent
1245 713 1356 776 breves
1372 716 1434 794 qui·
1474 714 1475 771 j

256 827 353 920 obus
377 850 489 912 parum
514 831 688 909 elevantur,
711 809 938 891 ut'laoertaeet
953 824 1144 887 formicae.»
1169 822 1301 900 Revera,
1318 822 1432 897 uldini,
1474 842 1475 875 ι

251 929 346 1004 tvm
361 943 444 1022 apud
466 940 626 1003 Hebraeos
640 940 793 1002 denotare
814 934 945 996 ¹videtur
960 932 1094 1014 quodvis
1119 930 1235 993 animal
1260 931 1346 1011 quod
1360 947 1435 1010 neque
1474 947 1475 986 l

251 1051 433 1132 quadrupes
454 1049 631 1129 aliquantae
652 1046 767 1124 molis,
791 1041 999 1122 nequedum,
1023 1056 1125 1119 neque
1148 1038 1242 1120 piscis
1257 1041 1310 1103 sit.
1327 1039 1376 1103 Hic
1392 1056 1433 1101 er·
1474 1062 1475 1082 ι

250 1159 427 1239 cluduntur
446 1158 499 1239 illa
537 1172 618 1235 quae
642 1155 752 1235 quinta
774 1134 825 1215 die
847 1150 928 1214 iacta
953 1152 1054 1212 luere.
1085 1187 1088 1191 «
1134 1157 1136 1161 ’

292 1266 397 1329 Prima
419 1285 491 1347 pars
506 1266 600 1328 buius
622 1264 757 1345 periodi,
779 1267 885 1342 inque
905 1260 998 1323 bruta
1019 1257 1165 1321 animalia
1180 1255 1432 1321 tantummodoir·
1474 1299 1475 1306 ι

231 1385 304 1438 -cta
325 1377 485 1450 dicuntur,
515 1374 590 1436 satis
612 1374 707 1449 longo
731 1382 871 1451 tempore
893 1366 1120 1448 comprehensa
1141 1365 1239 1430 fuisse
1262 1365 1387 1427 videtur.
1401 1363 1430 1426 ll·
1474 1366 1475 1380 ¹

251 1495 401 1564 trumque
425 1499 567 1561 regnum,
581 1482 721 1560 vegetale
743 1480 871 1560 inquam
891 1485 985 1556 atque
1005 1475 1164 1552 animale,
1191 1475 1232 1538 ad
1264 1492 1339 1537 eum
1361 1489 1431 1554 quen

252 1610 337 1654 nunc
361 1591 483 1653 obtinet
508 1597 647 1669 statum,
669 1606 707 1652 eo
733 1596 876 1667 tempore
896 1585 1048 1663 accessit,
1076 1604 1113 1648 ac
1134 1601 1230 1664 porro
1252 1582 1433 1665 pervenitlt

185 1725 186 1728 ¹
250 1700 288 1758 de
304 1696 563 1776 quadrupedibus
576 1695 722 1774 viviparis
738 1700 860 1757 tantum
872 1694 985 1772 dicam,
999 1695 1155 1774 quaedam
1180 1694 1267 1773 prius
1283 1693 1291 1775 l
1305 1692 1323 1772 ξ
1335 1686 1430 1766 llllllJ

248 1821 364 1882 genera
385 1801 588 1879 editafuisse
615 1802 785 1881 videntur,
809 1819 889 1882 quae
916 1800 1014 1863 modo
1053 1817 1120 1863 non
1154 1799 1292 1879 emplius
1313 1800 1346 1862 in
1369 1796 1436 1861 terris

247 1913 415 1992 adparent3
432 1918 541 1990 postea
554 1927 667 1988 genera
684 1909 743 1971 alia
761 1910 938 1971 viventibus
955 1911 1052 1972 modo
1065 1908 1235 1986 generibus
1245 1924 1342 1988 quam
1353 1907 1434 1970 mari-

246 2028 300 2080 me
324 2018 435 2079 similia
474 2023 528 2080 aut
552 2016 666 2079 eadem
688 2034 760 2079 cum
789 2016 873 2090 illis,
914 2017 968 2078 sed
990 2023 1128 2097 quornm
1149 2017 1270 2096 species
1297 2015 1437 2096 a-specie·
1465 2006 1468 2013 ’

247 2126 307 2197 bna
331 2141 411 2204 quae
432 2124 493 2186 hoc
514 2130 656 2204 tempore
678 2124 807 2198 vivunt,
830 2123 950 2204 aliquid
971 2124 1142 2186 differunt:
1168 2123 1350 2185 tandemad
1363 2136 1436 2202 prae·
1472 2122 1475 2199 l

247 2241 369 2296 sentem
392 2238 508 2295 statum
530 2232 806 2312 conditionemque
823 2233 884 2294 ista
905 2232 1017 2295 classis
1032 2233 1182 2312 pervenit.
1205 2231 1321 2296 Scribit
1334 2229 1440 2295 llarml·
1473 2290 1475 2321 ἶ

244 2340 298 2402 lus
326 2339 366 2401 de
383 2337 493 2400 Serres
518 2338 663 2416 elegam
689 2338 898 2401 successionis
921 2339 1119 2420 viventium,
1146 2324 1285 2420 quorum
1307 2337 1439 2419 adparitio
1473 2332 1475 2337 '

245 2453 297 2510 ¹est
317 2449 350 2509 in
375 2449 496 2508 ratione
517 2449 640 2508 inversa
661 2429 910 2526 complicationis
924 2464 987 2528 qua
1006 2464 1118 2510 eorum
1143 2445 1438 2527 polletorganisatiu

244 2571 342 2635 quam
363 2556 500 2618 maxime
523 2556 554 2617 in
570 2556 790 2642 marnmalibus
810 2573 973 2637 apparere.
1011 2555 1143 2636 Ordines
1175 2563 1284 2620 autem
1308 2557 1392 2633 duo,
1414 2552 1455 2619 le.

244 2681 298 2727 rae
332 2681 447 2744 nempe
484 2670 516 2724 et
537 2664 762 2744 quadrumanis
779 2686 788 2744 ‚·
809 2682 881 2728 sero
915 2665 949 2727 in
979 2665 1082 2728 lucem
1105 2665 1365 2740 editividentur,
1386 2679 1441 2728 nam

245 2771 359 2850 (quod
374 2775 406 2832 in
429 2770 549 2849 vulgari
571 2788 626 2832 sex
649 2771 771 2833 dicrum
795 2772 1002 2850 intelligentia
1015 2790 1099 2838 mon
1123 2774 1326 2854 explicaturi
1349 2782 1380 2837 et
1405 2767 1459 2835 ra·'

198 2937 203 2945 .
245 2895 283 2943 ιο
308 2879 339 2939 ii
356 2878 580 2958 reperiuntur,
600 2894 638 2939 ac
672 2880 896 2945 tantummodo
919 2881 950 2943 in
976 2881 1192 2961 superioribus
1221 2883 1368 2946 terrenis.
1393 2881 1442 2943 llo-

242 2964 444 3051 rum'autem
471 2986 727 3065 quadrumanum
751 3004 866 3067 corpus
887 2988 926 3050 ad
955 2994 1146 3053 structuram
1169 2987 1439 3070 bumenicorporis

244 3111 337 3174 quam
360 3093 496 3156 maxime
516 3094 646 3156 aceedit.
662 3095 708 3158 Ac
728 3095 760 3156 in
775 3095 882 3160 divino
910 3096 962 3177 (v.
975 3096 1026 3158 id.
1043 3093 1053 3175 )
1069 3095 1202 3176 imperio
1223 3080 1311 3159 serae
1332 3097 1440 3161 ultimae

241 3209 469 3295 memorantur.
494 3199 535 3263 Et
555 3218 588 3263 re
608 3203 736 3282 quidem
756 3220 850 3279 vera,
875 3204 936 3266 hoc
955 3203 1119 3266 videbatur
1138 3204 1179 3266 ad
1198 3202 1339 3267 divinem
1352 3200 1439 3286 provi·
1472 3266 1475 3295 1

241 3310 381 3373 dentiam
403 3308 581 3389 pertinere,
603 3319 639 3371 ut
660 3307 762 3388 ierne,
784 3328 865 3391 quae
876 3311 1012 3375 aliorum
1023 3311 1211 3376 animalium
1226 3313 1324 3376 caede
1338 3313 1435 3383 vivont

241 3421 371 3482 nonnisi
391 3437 462 3483 sero
477 3419 660 3482 advenirent
675 3436 765 3496 ‚nec
787 3429 956 3501 antequam
976 3421 1030 3484 illa
1057 3422 1133 3484 satis
1153 3422 1372 3487 crevissentet
1384 3435 1436 3485 sese

241 3519 476 3609 superterram
498 3527 781 3608 multiplicassent;
803 3528 987 3608 praesertim
1013 3529 1039 3591 si
1063 3528 1173 3608 primis
1205 3532 1352 3594 animalis
1374 3531 1436 3592 vitre

241 3634 438 3716 temporibus
459 3683 467 3711 ,
488 3638 593 3696 totum
620 3632 789 3699 habitabile
814 3636 918 3700 solum
937 3635 1052 3711 insulis,
1070 3653 1133 3700 non
1155 3636 1246 3700 valde
1269 3634 1436 3709 latisconti·

238 3743 394 3820 nebatur,
418 3743 479 3806 ubi
493 3741 639 3806 animalia
662 3724 778 3806 indolis
801 3744 880 3808 adeo
903 3744 1043 3807 diversae
1067 3745 1122 3808 diu
1145 3732 1240 3809 simul
1254 3725 1374 3826 degere
1386 3758 1433 3808 non

238 3857 406 3932 poterant,
429 3852 502 3932 quia
524 3850 668 3915 imbelles
687 3852 808 3932 speeies
828 3852 891 3916 cito
918 3853 1157 3919 destruerentur
1175 3852 1207 3913 ³.

275 4017 291 4066 1
312 4017 364 4070 lbi.
385 4013 528 4083 q.1.XXll
547 4017 581 4071 ad
599 4018 627 4071 2.

272 4113 291 4165 2
312 4113 434 4178 coemop.
455 4112 487 4165 de
505 4115 589 4168 Motae
607 4128 635 4181 p.
655 4113 729 4178 tot,
748 4116 808 4168 tea.

269 4209 285 4259 ³
304 4213 364 4262 «at
381 4209 490 4264 Genesis
503 4245 519 4273 ‚-
538 4217 565 4262 et
582 4210 732 4265 observatio
750 4213 905 4278 rossilion,
924 4213 964 4268 ait
980 4211 1104 4268 laudatus
1122 4218 1160 4270 lte
1179 4217 1271 4271 serres
1302 4230 1387 4288 aeque
1401 4214 1438 4269 do·

146 4298 149 4302 ’
239 4320 253 4353 ι
272 4313 348 4369 ιιιι,
366 4312 465 4360 terram
483 4305 551 4359 bane
569 4305 673 4361 inanem
702 4307 769 4362 olim
785 4315 813 4363 et
832 4320 962 4378 vaccam,
980 4301 1131 4371 succusire
1148 4312 1403 4386 incoluisseplnres
1417 4311 1447 4368 ri·
