2970 5002
1300 271 1359 331 125

135 408 305 501 incepisse:
334 416 476 482 videmus
510 416 619 492 enim,
647 415 678 476 in
701 413 787 475 bisce
800 410 940 492 periodis
956 416 1023 473 tum
1048 414 1230 471 terrasiam
1256 424 1352 488 aquas

128 531 170 592 ad
186 528 463 597 conservationem
485 529 641 593 variarum
662 518 1020 586 classium'animalium
1045 518 1143 581 luisse
1163 519 1345 598 dispositas.

131 636 203 700 Non
226 637 363 699 absurde
389 637 485 714 igitur
511 649 692 714 supponere
719 646 912 711 possumus,
936 629 1088 708 operibus
1114 628 1212 691 trium
1237 629 1353 691 borum
1403 714 1407 720 .

134 746 261 807 dierum
285 745 498 825 praecessisse
518 743 748 806 obscuritatem
776 757 795 800 a
818 736 958 818 manime
986 738 1079 816 copia
1098 754 1251 816 vaporum
1278 755 1357 799 ron·
1417 720 1426 737 ’

132 860 318 932 cretosum,
339 869 455 927 arenae
482 859 515 914 et
541 851 677 913 aliarum
702 847 934 910 molecularum
963 864 1003 909 ex
1027 846 1092 908 imo
1119 847 1357 925 erumpentium

134 946 302 1039 effectam:
325 960 707 1035 obscuritatemsemper
728 958 850 1034 innuo,
876 971 939 1018 non
967 960 1094 1017 nortem
1118 952 1158 1014 de
1186 971 1249 1032 qua
1271 954 1360 1015 nulla

136 1070 169 1130 io
193 1069 324 1135 historia
346 1069 463 1131 horum
485 1067 610 1127 dierum
635 1052 684 1126 est
709 1064 840 1127 mentio.
867 1064 1029 1144 Dispersio
1050 1065 1145 1126 buius
1168 1062 1311 1140 caliginis
1325 1070 1357 1123 et

136 1177 300 1240 restitutio
322 1176 403 1237 lueis
423 1225 430 1255 ,
454 1193 544 1237 mooe
565 1174 627 1235 dici
648 1179 778 1253 potest;
802 1179 835 1234 et
856 1173 899 1233 ita
919 1171 1054 1234 fortasse
1068 1171 1157 1233 illud:
1176 1179 1206 1232 ct
1228 1170 1291 1250 soit
1305 1189 1356 1234 ve-

132 1301 252 1364 spero,
280 1291 311 1345 et
325 1281 389 1362 fuit
404 1300 513 1358 mooe,
539 1282 571 1343 in
594 1283 644 1344 bis
665 1281 778 1344 diebus
792 1287 899 1361 puteat
913 1280 1076 1360 explicari.
1099 1279 1168 1341 Non
1195 1297 1245 1341 me
1270 1280 1359 1357 latet,

137 1409 179 1451 ex
204 1390 376 1471 geologiois
401 1389 687 1464 observationibus,
705 1396 876 1479 postquam
891 1387 1025 1450 viventia
1050 1388 1082 1448 in
1104 1396 1185 1449 terra
1200 1404 1358 1450 assecoe·

137 1506 277 1581 perunt,
306 1517 371 1562 noo
385 1505 523 1579 quatuor
538 1507 662 1562 tantum
677 1498 733 1561 sed
749 1500 858 1577 plures
880 1506 1078 1562 terrenorum
1095 1497 1287 1559 elevationes
1303 1499 1362 1561 ad-

139 1607 313 1691 mittendas
329 1607 449 1668 videri:
474 1606 637 1688 quinimo
660 1613 709 1668 est
734 1606 901 1686 probabile
930 1605 1173 1668 decurrentibus
1194 1607 1305 1683 quinte
1334 1612 1366 1665 et

137 1723 225 1777 sexta
245 1717 380 1796 periodo
405 1717 543 1779 maiores
566 1715 664 1776 luisse
686 1713 896 1789 elevationes,
919 1730 1016 1794 quam
1038 1713 1091 1775 illa
1119 1713 1214 1784 luerit
1240 1716 1271 1774 in
1299 1729 1362 1794 qua

134 1828 287 1906 opportuit
313 1826 428 1902 arido,
457 1832 513 1889 aut
536 1823 635 1886 altera
661 1841 759 1906 quam
773 1823 924 1887 accidisse
939 1831 1108 1902 antequam
1124 1823 1314 1902 adparerent
1326 1839 1360 1883 a·

138 1941 230 2012 stra,
253 1933 409 1996 coniicera
431 1950 615 2013 possumus.
640 1920 758 1994 Verum
782 1932 825 1993 nil
843 1930 1012 2011 probibet,
1037 1930 1208 2011 quominus
1234 1938 1297 1992 tres
1323 1949 1366 1992 ex

136 2040 392 2105 revolutionibus
408 2032 489 2120 'post
500 2106 502 2110 ,
513 2040 649 2120 primam
678 2039 918 2120 (dieitertiae)
951 2039 1153 2115 subsecutis,
1178 2033 1317 2118 apochas
1332 2040 1365 2101 in

136 2155 238 2209 terrae
261 2148 393 2209 historia
418 2146 483 2227 (ob
509 2147 642 2208 effectus
667 2147 785 2210 summi
806 2146 970 2219 momenti,
986 2141 1107 2225 ¹quibus
1131 2147 1358 2224 praeiverunt)

136 2257 365 2319 memorandas
380 2255 682 2331 determinaverint3
707 2261 739 2323 et
764 2270 959 2333 quemquam
987 2254 1123 2316 maiores
1148 2263 1275 2316 montes
1301 2271 1366 2317 non

135 2363 331 2425 elevaverint
345 2378 442 2450 quam
457 2361 537 2423 aliae
553 2360 758 2423 intermediae
773 2369 829 2423 aut
844 2372 1074 2441 consequentes
1089 2379 1096 2438 ;
1124 2360 1244 2424 luerint
1260 2370 1366 2425 tamen

138 2468 335 2531 universales
351 2468 474 2548 magis,
500 2477 536 2531 ut
560 2468 768 2549 quac-eodem
795 2477 939 2549 tempore
964 2469 1111 2557 pluribus
1137 2469 1170 2529 io
1196 2470 1368 2544 lociseve-

135 2577 266 2667 nerint,
294 2577 487 2658 ao‘proinde
510 2578 739 2640 obscuritatem
764 2579 865 2656 magis
879 2578 1030 2640 diffusam
1045 2580 1236 2655 generarint,
1255 2577 1364 2639 lorsan
1416 2606 1420 2613 a

140 2684 249 2754 etiam,
273 2701 313 2744 ex
339 2686 431 2763 copia
452 2691 485 2746 et
507 2693 620 2746 natura
642 2686 893 2761 exhalationem,
918 2688 1018 2764 magis
1036 2685 1203 2755 intensam.
1220 2683 1303 2746 Haec
1318 2685 1365 2746 in·
1384 2743 1387 2748 .

137 2791 263 2851 dieasse
288 2791 348 2862 boc
372 2792 442 2855 loco
469 2792 512 2854 sit
530 2791 634 2866 satis„
660 2810 718 2854 nec
742 2793 881 2872 amplius
895 2793 936 2860 de
950 2794 1145 2856 obscuritate
1167 2793 1290 2856 dierum
1308 2810 1361 2854 se-

139 2899 308 2978 quentium
332 2885 452 2979 aliquid
477 2900 603 2962 addam.

183 3005 312 3068 XLVIII.
337 3007 466 3070 Emersa
489 3025 529 3069 ex
552 2985 643 3089 aquis
659 3015 754 3088 terra,
771 3009 1000 3086 iubentelleo,
1025 3010 1140 3075 herbas
1164 3010 1366 3089 arboresque.

137 3118 299 3198 producit.
324 3138 341 3179 n
365 3118 527 3202 Germinet
547 3127 635 3180 tarra
656 3118 839 3181 herbam...
853 3126 886 3180 et
912 3121 1036 3209 liguum
1059 3120 1304 3198 pomiferum...
1326 3117 1392 3187 ut,

138 3228 311 3305 «protulit
335 3234 418 3317 ¹terra
443 3226 612 3290 barbam...
640 3227 824 3307 lignumque
850 3226 968 3289 faciens
992 3229 1153 3303 fructum,
1181 3234 1214 3287 et
1240 3227 1361 3289 habens

139 3355 156 3396 n
181 3336 433 3426 unumquodque
449 3346 624 3398 sementem
640 3336 817 3399 seeundum
833 3336 972 3416 speeiem
987 3354 1077 3399 suam
1107 3336 1116 3417 l
1132 3354 1179 3397 vv.
1201 3337 1252 3414 bl,
1270 3334 1319 3416 12)
1332 3358 1364 3396 a.

136 3445 250 3525 Incipit
273 3448 335 3507 vita
359 3445 390 3506 in
406 3446 531 3508 tellure:
550 3447 676 3526 plantae
691 3445 795 3525 primo
809 3445 882 3508 loco
904 3446 987 3509 inter
1013 3446 1148 3509 viventia
1171 3463 1241 3509 aesc
1269 3446 1362 3508 nobis

135 3552 288 3626 offerunt,
307 3552 380 3613 siin
405 3553 610 3614 existentium
634 3553 720 3616 scala
751 3571 770 3614 a
795 3554 899 3616 minus
925 3554 1071 3634 perlectis
1100 3556 1140 3617 ad
1170 3555 1370 3635 perfectiora.

133 3660 357 3735 ascendimus;
387 3669 420 3722 et
443 3664 567 3740 primae
591 3661 623 3723 in
638 3660 800 3741 Scriptura
824 3671 941 3725 terram
967 3664 1125 3727 habitasse
1150 3664 1302 3740 leguntur
1328 3665 1369 3725 i-.

135 3773 248 3850 psique
274 3770 430 3849 speciem,
463 3779 498 3830 ut
526 3770 567 3832 ita
594 3754 870 3846 dicam,.viventis
885 3771 1092 3851 habitumque
1108 3772 1244 3833 dedisse.
1257 3769 1361 3831 Moses
1394 3768 1401 3788 “

134 3881 191 3959 qui
218 3894 282 3939 non
297 3877 446 3940 omnibus
469 3882 610 3941 numeris
626 3880 806 3962 absolutam
830 3887 960 3942 naturae
981 3864 1144 3942 bistoriam
1160 3880 1309 3959 exponit„
1322 3880 1363 3942 de

134 3986 254 4064 plantis
280 3983 472 4064 aquatilibus
490 4002 548 4047 nec
565 4002 629 4049 non
645 3988 684 4049 de
700 3988 902 4050 terrestribus
915 4002 999 4067 quae
1013 3985 1133 4048 semine
1150 3984 1263 4050 saltem
1277 4005 1357 4049 oon·
1415 4054 1420 4064 x

135 4095 252 4174 spicuo
278 4105 408 4170 carent,
436 4097 631 4157 mentionem
647 4113 710 4160 non
736 4096 819 4158 iecit.
837 4095 993 4158 Credibile
1008 4103 1077 4176 est,
1100 4098 1235 4176 primam
1249 4113 1373 4164 aarum

135 4202 343 4264 existentiam
372 4191 437 4264 sive
462 4210 569 4266 ortum
594 4204 768 4267 multarum
797 4221 837 4266 ex
862 4204 923 4283 illis
938 4206 1128 4286 speciebus,
1156 4205 1228 4268 huic
1252 4206 1362 4267 tertiae
1431 4255 1434 4262 .

132 4309 272 4388 periodo
296 4309 494 4378 referendam
520 4312 719 4383 esselmmo
744 4331 779 4377 ea
803 4314 953 4398 vegetalis
982 4315 1069 4393 regni
1097 4313 1233 4396 classis,
1260 4330 1368 4395 quam.
