<?xml version="1.0" encoding="UTF-8"?>
<!DOCTYPE html PUBLIC "-//W3C//DTD XHTML 1.0 Transitional//EN"
    "http://www.w3.org/TR/xhtml1/DTD/xhtml1-transitional.dtd">
<html xmlns="http://www.w3.org/1999/xhtml" xml:lang="en" lang="en">
 <head>
  <title>
</title>
<meta http-equiv="Content-Type" content="text/html;charset=utf-8" />
  <meta name='ocr-system' content='tesseract 3.04.00' />
  <meta name='ocr-capabilities' content='ocr_page ocr_carea ocr_par ocr_line ocrx_word'/>
</head>
<body>
  <div class='ocr_page' id='page_1' title='image "./inhistoriamcrea00piangoog_0083.png"; bbox 0 0 2970 5002; ppageno 0'>
   <div class='ocr_carea' id='block_1_1' title="bbox 219 257 259 318">
    <p class='ocr_par' dir='ltr' id='par_1_1' title="bbox 219 257 259 318">
     <span class='ocr_line' id='line_1_1' title="bbox 219 257 259 318; baseline 0.025 -1"><span class='ocrx_word' id='word_1_1' title='bbox 219 257 259 318; x_wconf 70' lang='lat' dir='ltr'><strong>&#39;id</strong></span> 
     </span>
    </p>
   </div>
   <div class='ocr_carea' id='block_1_2' title="bbox 212 383 1465 2548">
    <p class='ocr_par' dir='ltr' id='par_1_2' title="bbox 212 383 1445 2427">
     <span class='ocr_line' id='line_1_2' title="bbox 268 383 1443 466; baseline -0.001 -15"><span class='ocrx_word' id='word_1_2' title='bbox 268 390 383 453; x_wconf 88' lang='lat' dir='ltr'><strong>Verum</strong></span> <span class='ocrx_word' id='word_1_3' title='bbox 396 389 457 452; x_wconf 86' lang='lat' dir='ltr'><strong>hoo</strong></span> <span class='ocrx_word' id='word_1_4' title='bbox 470 388 572 451; x_wconf 82' lang='lat' dir='ltr'>Chaos</span> <span class='ocrx_word' id='word_1_5' title='bbox 590 435 598 464; x_wconf 87' lang='lat'><strong>,</strong></span> <span class='ocrx_word' id='word_1_6' title='bbox 614 402 678 451; x_wconf 92' lang='lat' dir='ltr'><strong>non</strong></span> <span class='ocrx_word' id='word_1_7' title='bbox 693 385 882 466; x_wconf 86' lang='lat' dir='ltr'><strong>increatum,</strong></span> <span class='ocrx_word' id='word_1_8' title='bbox 894 403 959 451; x_wconf 91' lang='lat' dir='ltr'><strong>non</strong></span> <span class='ocrx_word' id='word_1_9' title='bbox 978 400 1075 451; x_wconf 83' lang='lat' dir='ltr'><strong>coeco</strong></span> <span class='ocrx_word' id='word_1_10' title='bbox 1088 384 1152 450; x_wconf 81' lang='lat' dir='ltr'><strong>into</strong></span> <span class='ocrx_word' id='word_1_11' title='bbox 1163 390 1196 448; x_wconf 86' lang='lat' dir='ltr'><strong>et</strong></span> <span class='ocrx_word' id='word_1_12' title='bbox 1216 383 1363 451; x_wconf 89' lang='lat' dir='ltr'><strong>tortuito</strong></span> <span class='ocrx_word' id='word_1_13' title='bbox 1385 392 1443 451; x_wconf 86' lang='lat' dir='ltr'><strong>ato·</strong></span> 
     </span>
     <span class='ocr_line' id='line_1_3' title="bbox 225 494 1443 577; baseline -0.004 -14"><span class='ocrx_word' id='word_1_14' title='bbox 225 516 352 563; x_wconf 91' lang='lat' dir='ltr'><strong>morum</strong></span> <span class='ocrx_word' id='word_1_15' title='bbox 373 499 542 561; x_wconf 86' lang='lat' dir='ltr'><strong>concursui</strong></span> <span class='ocrx_word' id='word_1_16' title='bbox 555 497 746 577; x_wconf 87' lang='lat' dir='ltr'><strong>permissum</strong></span> <span class='ocrx_word' id='word_1_17' title='bbox 762 501 841 572; x_wconf 88' lang='lat' dir='ltr'><strong>erat,</strong></span> <span class='ocrx_word' id='word_1_18' title='bbox 869 495 924 559; x_wconf 90' lang='lat' dir='ltr'><strong>sed</strong></span> <span class='ocrx_word' id='word_1_19' title='bbox 935 496 1093 558; x_wconf 80' lang='lat' dir='ltr'><strong>creatoris</strong></span> <span class='ocrx_word' id='word_1_20' title='bbox 1108 494 1231 572; x_wconf 82' lang='lat' dir='ltr'><strong>tegibus</strong></span> <span class='ocrx_word' id='word_1_21' title='bbox 1244 495 1425 572; x_wconf 83' lang='lat' dir='ltr'><strong>regebatur</strong></span> <span class='ocrx_word' id='word_1_22' title='bbox 1438 515 1443 572; x_wconf 85' lang='lat'>;</span> 
     </span>
     <span class='ocr_line' id='line_1_4' title="bbox 224 603 1444 687; baseline -0.003 -16"><span class='ocrx_word' id='word_1_23' title='bbox 224 609 377 687; x_wconf 87' lang='lat' dir='ltr'><strong>adeoque,</strong></span> <span class='ocrx_word' id='word_1_24' title='bbox 400 607 536 670; x_wconf 86' lang='lat' dir='ltr'><strong>mirabili</strong></span> <span class='ocrx_word' id='word_1_25' title='bbox 550 607 661 669; x_wconf 89' lang='lat' dir='ltr'><strong>ordina</strong></span> <span class='ocrx_word' id='word_1_26' title='bbox 672 622 710 668; x_wconf 86' lang='lat' dir='ltr'><strong>aa</strong></span> <span class='ocrx_word' id='word_1_27' title='bbox 725 604 959 686; x_wconf 77' lang='lat' dir='ltr'><strong>pulchritudine</strong></span> <span class='ocrx_word' id='word_1_28' title='bbox 980 604 1119 682; x_wconf 78' lang='lat' dir='ltr'><strong>gravida,</strong></span> <span class='ocrx_word' id='word_1_29' title='bbox 1141 603 1230 667; x_wconf 87' lang='lat' dir='ltr'><strong>rudis</strong></span> <span class='ocrx_word' id='word_1_30' title='bbox 1245 603 1304 665; x_wconf 91' lang='lat' dir='ltr'><strong>iila</strong></span> <span class='ocrx_word' id='word_1_31' title='bbox 1320 603 1444 683; x_wconf 79' lang='lat' dir='ltr'><strong>indigo·</strong></span> 
     </span>
     <span class='ocr_line' id='line_1_5' title="bbox 225 711 1445 801; baseline -0.002 -23"><span class='ocrx_word' id='word_1_32' title='bbox 225 722 338 797; x_wconf 86' lang='lat' dir='ltr'><strong>staqne</strong></span> <span class='ocrx_word' id='word_1_33' title='bbox 358 716 459 780; x_wconf 84' lang='lat' dir='ltr'><strong>moles</strong></span> <span class='ocrx_word' id='word_1_34' title='bbox 480 716 662 778; x_wconf 79' lang='lat' dir='ltr'>exsistebat.</span> <span class='ocrx_word' id='word_1_35' title='bbox 686 713 884 793; x_wconf 72' lang='lat' dir='ltr'><strong>Augustinus</strong></span> <span class='ocrx_word' id='word_1_36' title='bbox 907 712 1036 795; x_wconf 62' lang='lat' dir='ltr'><strong>(ssiiV)</strong></span> <span class='ocrx_word' id='word_1_37' title='bbox 1052 721 1172 775; x_wconf 84' lang='lat' dir='ltr'><strong>terram</strong></span> <span class='ocrx_word' id='word_1_38' title='bbox 1194 711 1379 801; x_wconf 75' lang='lat' dir='ltr'><strong>iaanemet</strong></span> <span class='ocrx_word' id='word_1_39' title='bbox 1393 731 1445 775; x_wconf 86' lang='lat' dir='ltr'><strong>vo-</strong></span> 
     </span>
     <span class='ocr_line' id='line_1_6' title="bbox 224 820 1441 903; baseline -0.004 -14"><span class='ocrx_word' id='word_1_40' title='bbox 224 843 315 889; x_wconf 85' lang='lat' dir='ltr'><strong>cuom</strong></span> <span class='ocrx_word' id='word_1_41' title='bbox 334 826 419 888; x_wconf 90' lang='lat' dir='ltr'><strong>idem</strong></span> <span class='ocrx_word' id='word_1_42' title='bbox 440 842 478 887; x_wconf 88' lang='lat' dir='ltr'><strong>ao</strong></span> <span class='ocrx_word' id='word_1_43' title='bbox 497 823 616 888; x_wconf 84' lang='lat' dir='ltr'><strong>coelum</strong></span> <span class='ocrx_word' id='word_1_44' title='bbox 629 831 658 887; x_wconf 88' lang='lat' dir='ltr'><strong>et</strong></span> <span class='ocrx_word' id='word_1_45' title='bbox 674 831 794 888; x_wconf 86' lang='lat' dir='ltr'><strong>terram</strong></span> <span class='ocrx_word' id='word_1_46' title='bbox 814 841 844 885; x_wconf 89' lang='lat' dir='ltr'><strong>v.</strong></span> <span class='ocrx_word' id='word_1_47' title='bbox 860 824 905 903; x_wconf 90' lang='lat'><strong>1.,</strong></span> <span class='ocrx_word' id='word_1_48' title='bbox 917 821 1159 900; x_wconf 84' lang='lat' dir='ltr'><strong>universamque</strong></span> <span class='ocrx_word' id='word_1_49' title='bbox 1171 820 1346 883; x_wconf 89' lang='lat' dir='ltr'><strong>materiam</strong></span> <span class='ocrx_word' id='word_1_50' title='bbox 1357 839 1441 884; x_wconf 89' lang='lat' dir='ltr'><strong>eorn-</strong></span> 
     </span>
     <span class='ocr_line' id='line_1_7' title="bbox 224 928 1444 1013; baseline -0.003 -19"><span class='ocrx_word' id='word_1_51' title='bbox 224 931 448 1013; x_wconf 89' lang='lat' dir='ltr'><strong>prehendere,</strong></span> <span class='ocrx_word' id='word_1_52' title='bbox 470 931 671 1013; x_wconf 83' lang='lat' dir='ltr'><strong>quodetiam</strong></span> <span class='ocrx_word' id='word_1_53' title='bbox 693 929 732 992; x_wconf 91' lang='lat' dir='ltr'><strong>de</strong></span> <span class='ocrx_word' id='word_1_54' title='bbox 753 929 867 1010; x_wconf 80' lang='lat' dir='ltr'><strong>abysso</strong></span> <span class='ocrx_word' id='word_1_55' title='bbox 900 945 959 994; x_wconf 87' lang='lat' dir='ltr'><strong>nec</strong></span> <span class='ocrx_word' id='word_1_56' title='bbox 983 944 1046 991; x_wconf 93' lang='lat' dir='ltr'><strong>non</strong></span> <span class='ocrx_word' id='word_1_57' title='bbox 1068 928 1107 992; x_wconf 92' lang='lat' dir='ltr'><strong>de</strong></span> <span class='ocrx_word' id='word_1_58' title='bbox 1127 946 1231 1010; x_wconf 78' lang='lat' dir='ltr'><strong>aquo,</strong></span> <span class='ocrx_word' id='word_1_59' title='bbox 1258 945 1349 1009; x_wconf 90' lang='lat' dir='ltr'><strong>quae</strong></span> <span class='ocrx_word' id='word_1_60' title='bbox 1371 928 1444 990; x_wconf 86' lang='lat' dir='ltr'><strong>intra</strong></span> 
     </span>
     <span class='ocr_line' id='line_1_8' title="bbox 226 1037 1441 1126; baseline -0.003 -23"><span class='ocrx_word' id='word_1_61' title='bbox 226 1046 457 1114; x_wconf 77' lang='lat' dir='ltr'><strong>memorantur,</strong></span> <span class='ocrx_word' id='word_1_62' title='bbox 480 1037 650 1102; x_wconf 86' lang='lat' dir='ltr'><strong>dicendum</strong></span> <span class='ocrx_word' id='word_1_63' title='bbox 671 1037 841 1126; x_wconf 77' lang='lat' dir='ltr'><strong>arbitratus</strong></span> <span class='ocrx_word' id='word_1_64' title='bbox 862 1045 922 1101; x_wconf 85' lang='lat' dir='ltr'><strong>est.</strong></span> <span class='ocrx_word' id='word_1_65' title='bbox 938 1037 1106 1101; x_wconf 82' lang='lat' dir='ltr'><strong>Probabile</strong></span> <span class='ocrx_word' id='word_1_66' title='bbox 1126 1037 1265 1117; x_wconf 86' lang='lat' dir='ltr'><strong>videtur,</strong></span> <span class='ocrx_word' id='word_1_67' title='bbox 1282 1044 1365 1101; x_wconf 83' lang='lat' dir='ltr'><strong>tuna</strong></span> <span class='ocrx_word' id='word_1_68' title='bbox 1384 1045 1441 1100; x_wconf 87' lang='lat' dir='ltr'><strong>ter·</strong></span> 
     </span>
     <span class='ocr_line' id='line_1_9' title="bbox 227 1140 1440 1228; baseline -0.002 -17"><span class='ocrx_word' id='word_1_69' title='bbox 227 1165 282 1211; x_wconf 92' lang='lat' dir='ltr'><strong>rae</strong></span> <span class='ocrx_word' id='word_1_70' title='bbox 305 1150 471 1210; x_wconf 87' lang='lat' dir='ltr'><strong>materiam</strong></span> <span class='ocrx_word' id='word_1_71' title='bbox 491 1166 509 1210; x_wconf 91' lang='lat' dir='ltr'><strong>a</strong></span> <span class='ocrx_word' id='word_1_72' title='bbox 530 1151 661 1212; x_wconf 87' lang='lat' dir='ltr'><strong>materia</strong></span> <span class='ocrx_word' id='word_1_73' title='bbox 681 1154 839 1212; x_wconf 87' lang='lat' dir='ltr'><strong>astrorum</strong></span> <span class='ocrx_word' id='word_1_74' title='bbox 867 1146 943 1228; x_wconf 87' lang='lat' dir='ltr'><strong>(aut</strong></span> <span class='ocrx_word' id='word_1_75' title='bbox 963 1148 1076 1209; x_wconf 87' lang='lat' dir='ltr'><strong>saitem</strong></span> <span class='ocrx_word' id='word_1_76' title='bbox 1098 1140 1320 1227; x_wconf 81' lang='lat' dir='ltr'><strong>quorumdam</strong></span> <span class='ocrx_word' id='word_1_77' title='bbox 1336 1155 1440 1209; x_wconf 67' lang='lat' dir='ltr'><strong>,astro-</strong></span> 
     </span>
     <span class='ocr_line' id='line_1_10' title="bbox 212 1255 1440 1338; baseline -0.002 -18"><span class='ocrx_word' id='word_1_78' title='bbox 212 1255 324 1336; x_wconf 80' lang='lat' dir='ltr'><strong>rum)</strong></span> <span class='ocrx_word' id='word_1_79' title='bbox 350 1264 527 1337; x_wconf 87' lang='lat' dir='ltr'><strong>separatam</strong></span> <span class='ocrx_word' id='word_1_80' title='bbox 551 1273 615 1320; x_wconf 94' lang='lat' dir='ltr'><strong>non</strong></span> <span class='ocrx_word' id='word_1_81' title='bbox 636 1255 742 1319; x_wconf 86' lang='lat' dir='ltr'><strong>fuisse:</strong></span> <span class='ocrx_word' id='word_1_82' title='bbox 769 1263 855 1318; x_wconf 88' lang='lat' dir='ltr'><strong>certe</strong></span> <span class='ocrx_word' id='word_1_83' title='bbox 876 1263 1022 1338; x_wconf 81' lang='lat' dir='ltr'><strong>separata</strong></span> <span class='ocrx_word' id='word_1_84' title='bbox 1041 1261 1237 1318; x_wconf 84' lang='lat' dir='ltr'><strong>memoratur</strong></span> <span class='ocrx_word' id='word_1_85' title='bbox 1262 1255 1440 1317; x_wconf 80' lang='lat' dir='ltr'><strong>solummo-</strong></span> 
     </span>
     <span class='ocr_line' id='line_1_11' title="bbox 229 1361 1438 1428; baseline -0.004 0"><span class='ocrx_word' id='word_1_86' title='bbox 229 1367 271 1428; x_wconf 92' lang='lat' dir='ltr'><strong>do</strong></span> <span class='ocrx_word' id='word_1_87' title='bbox 292 1365 515 1428; x_wconf 87' lang='lat' dir='ltr'><strong>dieseeundo.</strong></span> <span class='ocrx_word' id='word_1_88' title='bbox 538 1365 751 1428; x_wconf 74' lang='lat' dir='ltr'><strong>Tomentum</strong></span> <span class='ocrx_word' id='word_1_89' title='bbox 774 1364 878 1428; x_wconf 73' lang='lat' dir='ltr'><strong>tiosos</strong></span> <span class='ocrx_word' id='word_1_90' title='bbox 899 1371 1017 1427; x_wconf 87' lang='lat' dir='ltr'><strong>terram</strong></span> <span class='ocrx_word' id='word_1_91' title='bbox 1053 1362 1196 1427; x_wconf 90' lang='lat' dir='ltr'><strong>nominet</strong></span> <span class='ocrx_word' id='word_1_92' title='bbox 1230 1369 1264 1424; x_wconf 87' lang='lat' dir='ltr'><strong>et</strong></span> <span class='ocrx_word' id='word_1_93' title='bbox 1288 1363 1370 1426; x_wconf 87' lang='lat' dir='ltr'><strong>satis</strong></span> <span class='ocrx_word' id='word_1_94' title='bbox 1391 1361 1438 1425; x_wconf 88' lang='lat' dir='ltr'><strong>ad·</strong></span> 
     </span>
     <span class='ocr_line' id='line_1_12' title="bbox 229 1471 1435 1566; baseline -0.003 -29"><span class='ocrx_word' id='word_1_95' title='bbox 229 1480 349 1554; x_wconf 85' lang='lat' dir='ltr'><strong>pareat,</strong></span> <span class='ocrx_word' id='word_1_96' title='bbox 363 1491 436 1537; x_wconf 88' lang='lat' dir='ltr'><strong>eum</strong></span> <span class='ocrx_word' id='word_1_97' title='bbox 450 1491 545 1555; x_wconf 90' lang='lat' dir='ltr'><strong>quam</strong></span> <span class='ocrx_word' id='word_1_98' title='bbox 559 1473 712 1538; x_wconf 89' lang='lat' dir='ltr'><strong>citissime</strong></span> <span class='ocrx_word' id='word_1_99' title='bbox 724 1482 798 1554; x_wconf 91' lang='lat' dir='ltr'><strong>post</strong></span> <span class='ocrx_word' id='word_1_100' title='bbox 812 1474 1095 1566; x_wconf 83' lang='lat' dir='ltr'><strong>indicatamtotius</strong></span> <span class='ocrx_word' id='word_1_101' title='bbox 1109 1471 1219 1536; x_wconf 89' lang='lat' dir='ltr'><strong>mundi</strong></span> <span class='ocrx_word' id='word_1_102' title='bbox 1234 1475 1435 1544; x_wconf 82' lang='lat' dir='ltr'><strong>creationem,</strong></span> 
     </span>
     <span class='ocr_line' id='line_1_13' title="bbox 226 1580 1436 1661; baseline -0.003 -17"><span class='ocrx_word' id='word_1_103' title='bbox 226 1590 412 1645; x_wconf 85' lang='lat' dir='ltr'><strong>convertere</strong></span> <span class='ocrx_word' id='word_1_104' title='bbox 437 1600 471 1645; x_wconf 88' lang='lat' dir='ltr'><strong>se</strong></span> <span class='ocrx_word' id='word_1_105' title='bbox 491 1583 531 1644; x_wconf 91' lang='lat' dir='ltr'><strong>ad</strong></span> <span class='ocrx_word' id='word_1_106' title='bbox 552 1582 775 1647; x_wconf 82' lang='lat' dir='ltr'><strong>formationem</strong></span> <span class='ocrx_word' id='word_1_107' title='bbox 799 1581 920 1647; x_wconf 87' lang='lat' dir='ltr'><strong>tetturis</strong></span> <span class='ocrx_word' id='word_1_108' title='bbox 944 1586 1084 1661; x_wconf 84' lang='lat' dir='ltr'><strong>nostras,</strong></span> <span class='ocrx_word' id='word_1_109' title='bbox 1107 1580 1175 1661; x_wconf 90' lang='lat' dir='ltr'><strong>(uti</strong></span> <span class='ocrx_word' id='word_1_110' title='bbox 1194 1584 1325 1660; x_wconf 87' lang='lat' dir='ltr'><strong>postea,</strong></span> <span class='ocrx_word' id='word_1_111' title='bbox 1337 1580 1436 1643; x_wconf 86' lang='lat' dir='ltr'><strong>brevi·</strong></span> 
     </span>
     <span class='ocr_line' id='line_1_14' title="bbox 229 1673 1439 1772; baseline -0.003 -22"><span class='ocrx_word' id='word_1_112' title='bbox 229 1698 278 1753; x_wconf 89' lang='lat' dir='ltr'><strong>ter</strong></span> <span class='ocrx_word' id='word_1_113' title='bbox 299 1673 434 1754; x_wconf 87' lang='lat' dir='ltr'><strong>narratis</strong></span> <span class='ocrx_word' id='word_1_114' title='bbox 458 1692 590 1755; x_wconf 88' lang='lat' dir='ltr'><strong>humani</strong></span> <span class='ocrx_word' id='word_1_115' title='bbox 608 1692 734 1770; x_wconf 79' lang='lat' dir='ltr'><strong>generis</strong></span> <span class='ocrx_word' id='word_1_116' title='bbox 755 1690 949 1772; x_wconf 85' lang='lat' dir='ltr'><strong>primordiis,</strong></span> <span class='ocrx_word' id='word_1_117' title='bbox 972 1698 1057 1753; x_wconf 91' lang='lat' dir='ltr'><strong>totus</strong></span> <span class='ocrx_word' id='word_1_118' title='bbox 1079 1697 1130 1752; x_wconf 88' lang='lat' dir='ltr'><strong>est</strong></span> <span class='ocrx_word' id='word_1_119' title='bbox 1149 1689 1182 1750; x_wconf 89' lang='lat' dir='ltr'><strong>in</strong></span> <span class='ocrx_word' id='word_1_120' title='bbox 1202 1687 1392 1751; x_wconf 83' lang='lat' dir='ltr'><strong>Abrahamo</strong></span> <span class='ocrx_word' id='word_1_121' title='bbox 1413 1694 1439 1748; x_wconf 92' lang='lat' dir='ltr'><strong>et</strong></span> 
     </span>
     <span class='ocr_line' id='line_1_15' title="bbox 226 1796 1439 1880; baseline -0.002 -20"><span class='ocrx_word' id='word_1_122' title='bbox 226 1798 421 1880; x_wconf 73' lang='lat' dir='ltr'><strong>israelitis),</strong></span> <span class='ocrx_word' id='word_1_123' title='bbox 445 1801 572 1862; x_wconf 86' lang='lat' dir='ltr'><strong>eredere</strong></span> <span class='ocrx_word' id='word_1_124' title='bbox 587 1818 768 1880; x_wconf 89' lang='lat' dir='ltr'><strong>possumus,</strong></span> <span class='ocrx_word' id='word_1_125' title='bbox 789 1817 863 1863; x_wconf 89' lang='lat' dir='ltr'><strong>eum</strong></span> <span class='ocrx_word' id='word_1_126' title='bbox 884 1799 936 1862; x_wconf 88' lang='lat' dir='ltr'><strong>hio</strong></span> <span class='ocrx_word' id='word_1_127' title='bbox 957 1800 997 1861; x_wconf 87' lang='lat' dir='ltr'><strong>de</strong></span> <span class='ocrx_word' id='word_1_128' title='bbox 1017 1797 1145 1861; x_wconf 87' lang='lat' dir='ltr'><strong>telluris</strong></span> <span class='ocrx_word' id='word_1_129' title='bbox 1169 1796 1306 1858; x_wconf 89' lang='lat' dir='ltr'><strong>materia</strong></span> <span class='ocrx_word' id='word_1_130' title='bbox 1331 1797 1439 1878; x_wconf 86' lang='lat' dir='ltr'><strong>(quam</strong></span> 
     </span>
     <span class='ocr_line' id='line_1_16' title="bbox 228 1901 1440 1988; baseline -0.003 -19"><span class='ocrx_word' id='word_1_131' title='bbox 228 1925 289 1969; x_wconf 87' lang='lat' dir='ltr'><strong>nen</strong></span> <span class='ocrx_word' id='word_1_132' title='bbox 311 1910 514 1971; x_wconf 83' lang='lat' dir='ltr'><strong>coniunctam</strong></span> <span class='ocrx_word' id='word_1_133' title='bbox 539 1926 613 1971; x_wconf 86' lang='lat' dir='ltr'><strong>num</strong></span> <span class='ocrx_word' id='word_1_134' title='bbox 635 1909 695 1971; x_wconf 87' lang='lat' dir='ltr'><strong>alia</strong></span> <span class='ocrx_word' id='word_1_135' title='bbox 715 1911 848 1972; x_wconf 85' lang='lat' dir='ltr'><strong>materia</strong></span> <span class='ocrx_word' id='word_1_136' title='bbox 863 1908 1014 1988; x_wconf 85' lang='lat' dir='ltr'><strong>affirmat,</strong></span> <span class='ocrx_word' id='word_1_137' title='bbox 1038 1925 1097 1970; x_wconf 86' lang='lat' dir='ltr'><strong>nee</strong></span> <span class='ocrx_word' id='word_1_138' title='bbox 1117 1901 1223 1986; x_wconf 75' lang='lat' dir='ltr'><strong>negat)</strong></span> <span class='ocrx_word' id='word_1_139' title='bbox 1238 1922 1298 1968; x_wconf 88' lang='lat' dir='ltr'><strong>seu</strong></span> <span class='ocrx_word' id='word_1_140' title='bbox 1324 1906 1365 1968; x_wconf 94' lang='lat' dir='ltr'><strong>de</strong></span> <span class='ocrx_word' id='word_1_141' title='bbox 1385 1923 1440 1967; x_wconf 90' lang='lat' dir='ltr'><strong>ma·</strong></span> 
     </span>
     <span class='ocr_line' id='line_1_17' title="bbox 226 2012 1438 2097; baseline 0.001 -23"><span class='ocrx_word' id='word_1_142' title='bbox 226 2015 305 2077; x_wconf 84' lang='lat' dir='ltr'><strong>aeria</strong></span> <span class='ocrx_word' id='word_1_143' title='bbox 332 2032 414 2096; x_wconf 88' lang='lat' dir='ltr'><strong>quae</strong></span> <span class='ocrx_word' id='word_1_144' title='bbox 443 2025 552 2096; x_wconf 87' lang='lat' dir='ltr'><strong>postea</strong></span> <span class='ocrx_word' id='word_1_145' title='bbox 576 2018 691 2095; x_wconf 78' lang='lat' dir='ltr'><strong>globus</strong></span> <span class='ocrx_word' id='word_1_146' title='bbox 716 2025 901 2097; x_wconf 88' lang='lat' dir='ltr'><strong>terraqueus</strong></span> <span class='ocrx_word' id='word_1_147' title='bbox 921 2016 1003 2092; x_wconf 85' lang='lat' dir='ltr'><strong>tuit,</strong></span> <span class='ocrx_word' id='word_1_148' title='bbox 1025 2015 1142 2077; x_wconf 89' lang='lat' dir='ltr'><strong>babere</strong></span> <span class='ocrx_word' id='word_1_149' title='bbox 1163 2031 1359 2077; x_wconf 87' lang='lat' dir='ltr'><strong>sermonem.</strong></span> <span class='ocrx_word' id='word_1_150' title='bbox 1384 2012 1438 2076; x_wconf 88' lang='lat' dir='ltr'><strong>Nos</strong></span> 
     </span>
     <span class='ocr_line' id='line_1_18' title="bbox 231 2119 1439 2205; baseline -0.002 -22"><span class='ocrx_word' id='word_1_151' title='bbox 231 2123 272 2184; x_wconf 92' lang='lat' dir='ltr'><strong>de</strong></span> <span class='ocrx_word' id='word_1_152' title='bbox 294 2125 353 2186; x_wconf 88' lang='lat' dir='ltr'><strong>hee</strong></span> <span class='ocrx_word' id='word_1_153' title='bbox 374 2125 595 2188; x_wconf 88' lang='lat' dir='ltr'><strong>tantummodo</strong></span> <span class='ocrx_word' id='word_1_154' title='bbox 611 2122 863 2205; x_wconf 83' lang='lat' dir='ltr'><strong>insequentibus</strong></span> <span class='ocrx_word' id='word_1_155' title='bbox 880 2121 1088 2185; x_wconf 81' lang='lat' dir='ltr'><strong>verbaiaoere</strong></span> <span class='ocrx_word' id='word_1_156' title='bbox 1108 2119 1321 2198; x_wconf 89' lang='lat' dir='ltr'><strong>intendimns;</strong></span> <span class='ocrx_word' id='word_1_157' title='bbox 1333 2137 1439 2202; x_wconf 88' lang='lat' dir='ltr'><strong>quam-</strong></span> 
     </span>
     <span class='ocr_line' id='line_1_19' title="bbox 231 2230 1436 2316; baseline -0.002 -22"><span class='ocrx_word' id='word_1_158' title='bbox 231 2237 279 2297; x_wconf 91' lang='lat' dir='ltr'><strong>vis</strong></span> <span class='ocrx_word' id='word_1_159' title='bbox 292 2235 451 2316; x_wconf 85' lang='lat' dir='ltr'><strong>quaedam</strong></span> <span class='ocrx_word' id='word_1_160' title='bbox 463 2235 495 2298; x_wconf 93' lang='lat' dir='ltr'><strong>iu</strong></span> <span class='ocrx_word' id='word_1_161' title='bbox 511 2235 626 2298; x_wconf 89' lang='lat' dir='ltr'><strong>horum</strong></span> <span class='ocrx_word' id='word_1_162' title='bbox 640 2233 783 2314; x_wconf 88' lang='lat' dir='ltr'><strong>priorum</strong></span> <span class='ocrx_word' id='word_1_163' title='bbox 796 2250 945 2297; x_wconf 87' lang='lat' dir='ltr'><strong>veranum</strong></span> <span class='ocrx_word' id='word_1_164' title='bbox 959 2231 1169 2312; x_wconf 77' lang='lat' dir='ltr'><strong>explicatione</strong></span> <span class='ocrx_word' id='word_1_165' title='bbox 1183 2230 1335 2311; x_wconf 81' lang='lat' dir='ltr'><strong>dicenda,</strong></span> <span class='ocrx_word' id='word_1_166' title='bbox 1350 2233 1436 2293; x_wconf 83' lang='lat' dir='ltr'><strong>etiam</strong></span> 
     </span>
     <span class='ocr_line' id='line_1_20' title="bbox 231 2340 1278 2427; baseline -0.005 -23"><span class='ocrx_word' id='word_1_167' title='bbox 231 2341 366 2405; x_wconf 87' lang='lat' dir='ltr'><strong>aliorum</strong></span> <span class='ocrx_word' id='word_1_168' title='bbox 387 2343 557 2420; x_wconf 81' lang='lat' dir='ltr'><strong>globorum</strong></span> <span class='ocrx_word' id='word_1_169' title='bbox 579 2342 731 2406; x_wconf 87' lang='lat' dir='ltr'><strong>materiae</strong></span> <span class='ocrx_word' id='word_1_170' title='bbox 752 2340 893 2404; x_wconf 85' lang='lat' dir='ltr'><strong>fortassis</strong></span> <span class='ocrx_word' id='word_1_171' title='bbox 914 2341 1015 2420; x_wconf 91' lang='lat' dir='ltr'><strong>aptari</strong></span> <span class='ocrx_word' id='word_1_172' title='bbox 1037 2340 1169 2420; x_wconf 86' lang='lat' dir='ltr'><strong>possint.</strong></span> <span class='ocrx_word' id='word_1_173' title='bbox 1274 2422 1278 2427; x_wconf 79' lang='lat'><strong>.</strong></span> 
     </span>
    </p>

    <p class='ocr_par' dir='ltr' id='par_1_3' title="bbox 269 2446 1465 2548">
     <span class='ocr_line' id='line_1_21' title="bbox 269 2446 1465 2548; baseline -0.008 -34"><span class='ocrx_word' id='word_1_174' title='bbox 269 2450 510 2514; x_wconf 80' lang='lat' dir='ltr'><strong>Rosenrot&#39;rttero</strong></span> <span class='ocrx_word' id='word_1_175' title='bbox 529 2451 653 2513; x_wconf 84' lang='lat' dir='ltr'><strong>tehaos</strong></span> <span class='ocrx_word' id='word_1_176' title='bbox 666 2449 749 2511; x_wconf 91' lang='lat' dir='ltr'><strong>istud</strong></span> <span class='ocrx_word' id='word_1_177' title='bbox 756 2467 836 2548; x_wconf 31' lang='lat' dir='ltr'><strong>&#39;non</strong></span> <span class='ocrx_word' id='word_1_178' title='bbox 852 2451 944 2527; x_wconf 90' lang='lat' dir='ltr'><strong>sapit.</strong></span> <span class='ocrx_word' id='word_1_179' title='bbox 960 2448 1105 2512; x_wconf 73' lang='lat' dir='ltr'><strong>«ibrum</strong></span> <span class='ocrx_word' id='word_1_180' title='bbox 1118 2455 1178 2527; x_wconf 89' lang='lat' dir='ltr'><strong>est,</strong></span> <span class='ocrx_word' id='word_1_181' title='bbox 1194 2446 1251 2528; x_wconf 89' lang='lat' dir='ltr'><strong>ait,</strong></span> <span class='ocrx_word' id='word_1_182' title='bbox 1264 2449 1387 2513; x_wconf 84' lang='lat' dir='ltr'><strong>multos</strong></span> <span class='ocrx_word' id='word_1_183' title='bbox 1399 2448 1439 2510; x_wconf 89' lang='lat' dir='ltr'><strong>in·</strong></span> <span class='ocrx_word' id='word_1_184' title='bbox 1462 2498 1465 2505; x_wconf 94' lang='lat'>.</span> 
     </span>
    </p>
   </div>
   <div class='ocr_carea' id='block_1_3' title="bbox 231 2579 1442 2678">
    <p class='ocr_par' dir='ltr' id='par_1_4' title="bbox 231 2579 1442 2678">
     <span class='ocr_line' id='line_1_22' title="bbox 231 2579 1442 2678; baseline 0.002 -30"><span class='ocrx_word' id='word_1_185' title='bbox 231 2606 250 2649; x_wconf 82' lang='lat' dir='ltr'><strong>u</strong></span> <span class='ocrx_word' id='word_1_186' title='bbox 276 2592 429 2666; x_wconf 89' lang='lat' dir='ltr'><strong>terpretes</strong></span> <span class='ocrx_word' id='word_1_187' title='bbox 443 2585 538 2648; x_wconf 78' lang='lat' dir='ltr'><strong>Otreos</strong></span> <span class='ocrx_word' id='word_1_188' title='bbox 549 2585 597 2647; x_wconf 87' lang='lat' dir='ltr'><strong>his</strong></span> <span class='ocrx_word' id='word_1_189' title='bbox 608 2585 710 2648; x_wconf 88' lang='lat' dir='ltr'><strong>verbis</strong></span> <span class='ocrx_word' id='word_1_190' title='bbox 724 2579 809 2651; x_wconf 67' lang='lat' dir='ltr'><strong>tritt</strong></span> <span class='ocrx_word' id='word_1_191' title='bbox 835 2580 917 2653; x_wconf 62' lang='lat' dir='ltr'><strong>issi]</strong></span> <span class='ocrx_word' id='word_1_192' title='bbox 935 2585 1092 2664; x_wconf 83' lang='lat' dir='ltr'><strong>indigitari</strong></span> <span class='ocrx_word' id='word_1_193' title='bbox 1107 2584 1166 2647; x_wconf 88' lang='lat' dir='ltr'><strong>sibi</strong></span> <span class='ocrx_word' id='word_1_194' title='bbox 1182 2586 1379 2678; x_wconf 78' lang='lat' dir='ltr'><strong>persuadere</strong></span> <span class='ocrx_word' id='word_1_195' title='bbox 1392 2602 1442 2667; x_wconf 93' lang='lat' dir='ltr'><strong>po·</strong></span> 
     </span>
    </p>
   </div>
   <div class='ocr_carea' id='block_1_4' title="bbox 235 2679 1450 4197">
    <p class='ocr_par' dir='ltr' id='par_1_5' title="bbox 235 2679 1450 4197">
     <span class='ocr_line' id='line_1_23' title="bbox 235 2679 1441 2784; baseline 0.002 -22"><span class='ocrx_word' id='word_1_196' title='bbox 235 2724 254 2767; x_wconf 80' lang='lat' dir='ltr'><strong>o</strong></span> <span class='ocrx_word' id='word_1_197' title='bbox 276 2706 412 2766; x_wconf 88' lang='lat' dir='ltr'><strong>tuisse...</strong></span> <span class='ocrx_word' id='word_1_198' title='bbox 435 2702 592 2781; x_wconf 80' lang='lat' dir='ltr'><strong>Originem</strong></span> <span class='ocrx_word' id='word_1_199' title='bbox 615 2701 709 2766; x_wconf 90' lang='lat' dir='ltr'><strong>debet</strong></span> <span class='ocrx_word' id='word_1_200' title='bbox 728 2679 816 2767; x_wconf 73' lang='lat' dir='ltr'><strong>haeeT</strong></span> <span class='ocrx_word' id='word_1_201' title='bbox 827 2705 949 2784; x_wconf 89' lang='lat' dir='ltr'><strong>opinio,</strong></span> <span class='ocrx_word' id='word_1_202' title='bbox 964 2705 1030 2765; x_wconf 91' lang='lat' dir='ltr'><strong>sine</strong></span> <span class='ocrx_word' id='word_1_203' title='bbox 1043 2683 1157 2782; x_wconf 88' lang='lat' dir='ltr'><strong>dubio,</strong></span> <span class='ocrx_word' id='word_1_204' title='bbox 1167 2688 1341 2767; x_wconf 70' lang='lat' dir='ltr'><strong>Poetarum</strong></span> <span class='ocrx_word' id='word_1_205' title='bbox 1362 2721 1441 2783; x_wconf 80' lang='lat' dir='ltr'><strong>grae·</strong></span> 
     </span>
     <span class='ocr_line' id='line_1_24' title="bbox 241 2810 1439 2892; baseline 0 -18"><span class='ocrx_word' id='word_1_206' title='bbox 241 2830 256 2866; x_wconf 78' lang='lat' dir='ltr'><strong>o</strong></span> <span class='ocrx_word' id='word_1_207' title='bbox 280 2827 391 2874; x_wconf 89' lang='lat' dir='ltr'><strong>norum</strong></span> <span class='ocrx_word' id='word_1_208' title='bbox 411 2811 645 2891; x_wconf 88' lang='lat' dir='ltr'><strong>latinorumque</strong></span> <span class='ocrx_word' id='word_1_209' title='bbox 659 2811 829 2891; x_wconf 85' lang='lat' dir='ltr'><strong>tigmentis,</strong></span> <span class='ocrx_word' id='word_1_210' title='bbox 843 2813 884 2873; x_wconf 90' lang='lat' dir='ltr'><strong>ab</strong></span> <span class='ocrx_word' id='word_1_211' title='bbox 901 2811 1133 2892; x_wconf 86' lang='lat' dir='ltr'><strong>¹interpretibus</strong></span> <span class='ocrx_word' id='word_1_212' title='bbox 1153 2810 1232 2873; x_wconf 86' lang='lat' dir='ltr'><strong>Mosi</strong></span> <span class='ocrx_word' id='word_1_213' title='bbox 1256 2811 1367 2875; x_wconf 83' lang='lat' dir='ltr'><strong>illatis.</strong></span> <span class='ocrx_word' id='word_1_214' title='bbox 1387 2811 1439 2874; x_wconf 86' lang='lat' dir='ltr'><strong>Sed</strong></span> 
     </span>
     <span class='ocr_line' id='line_1_25' title="bbox 236 2920 1440 3001; baseline 0.002 -23"><span class='ocrx_word' id='word_1_215' title='bbox 236 2939 253 2980; x_wconf 80' lang='lat' dir='ltr'><strong>a</strong></span> <span class='ocrx_word' id='word_1_216' title='bbox 279 2921 388 2982; x_wconf 84' lang='lat' dir='ltr'><strong>Mosen</strong></span> <span class='ocrx_word' id='word_1_217' title='bbox 411 2936 451 2981; x_wconf 81' lang='lat' dir='ltr'><strong>ex</strong></span> <span class='ocrx_word' id='word_1_218' title='bbox 472 2921 574 2998; x_wconf 84' lang='lat' dir='ltr'><strong>po&#39;e‘tis</strong></span> <span class='ocrx_word' id='word_1_219' title='bbox 597 2920 767 3001; x_wconf 82' lang='lat' dir='ltr'><strong>explicare,</strong></span> <span class='ocrx_word' id='word_1_220' title='bbox 779 2921 856 3000; x_wconf 91' lang='lat' dir='ltr'><strong>quid</strong></span> <span class='ocrx_word' id='word_1_221' title='bbox 872 2922 958 2983; x_wconf 90' lang='lat' dir='ltr'><strong>aliud</strong></span> <span class='ocrx_word' id='word_1_222' title='bbox 973 2926 1032 2996; x_wconf 89' lang='lat' dir='ltr'><strong>est,</strong></span> <span class='ocrx_word' id='word_1_223' title='bbox 1047 2937 1143 3000; x_wconf 84' lang='lat' dir='ltr'><strong>quam</strong></span> <span class='ocrx_word' id='word_1_224' title='bbox 1159 2936 1272 3000; x_wconf 89' lang='lat' dir='ltr'><strong>aquam</strong></span> <span class='ocrx_word' id='word_1_225' title='bbox 1291 2937 1334 2984; x_wconf 87' lang='lat' dir='ltr'><strong>ex</strong></span> <span class='ocrx_word' id='word_1_226' title='bbox 1355 2920 1440 2984; x_wconf 83' lang='lat' dir='ltr'><strong>turbi-</strong></span> 
     </span>
     <span class='ocr_line' id='line_1_26' title="bbox 237 3026 1439 3107; baseline 0.001 -19"><span class='ocrx_word' id='word_1_227' title='bbox 237 3048 256 3090; x_wconf 83' lang='lat' dir='ltr'><strong>o</strong></span> <span class='ocrx_word' id='word_1_228' title='bbox 279 3028 327 3090; x_wconf 93' lang='lat' dir='ltr'><strong>dis</strong></span> <span class='ocrx_word' id='word_1_229' title='bbox 350 3027 423 3090; x_wconf 86' lang='lat' dir='ltr'><strong>rivis</strong></span> <span class='ocrx_word' id='word_1_230' title='bbox 445 3028 590 3089; x_wconf 89' lang='lat' dir='ltr'><strong>haustam</strong></span> <span class='ocrx_word' id='word_1_231' title='bbox 613 3027 729 3089; x_wconf 88' lang='lat' dir='ltr'><strong>inferre</strong></span> <span class='ocrx_word' id='word_1_232' title='bbox 749 3028 881 3107; x_wconf 85' lang='lat' dir='ltr'><strong>limpido</strong></span> <span class='ocrx_word' id='word_1_233' title='bbox 903 3027 1011 3089; x_wconf 76' lang='lat' dir='ltr'><strong>fonti?</strong></span> <span class='ocrx_word' id='word_1_234' title='bbox 1032 3028 1166 3091; x_wconf 86' lang='lat' dir='ltr'><strong>Rabbini</strong></span> <span class='ocrx_word' id='word_1_235' title='bbox 1184 3026 1251 3106; x_wconf 87' lang='lat' dir='ltr'><strong>qui,</strong></span> <span class='ocrx_word' id='word_1_236' title='bbox 1264 3028 1439 3093; x_wconf 84' lang='lat' dir='ltr'><strong>fictionibus</strong></span> 
     </span>
     <span class='ocr_line' id='line_1_27' title="bbox 239 3136 1440 3218; baseline 0 -22"><span class='ocrx_word' id='word_1_237' title='bbox 239 3157 257 3197; x_wconf 91' lang='lat'>«</span> <span class='ocrx_word' id='word_1_238' title='bbox 273 3136 359 3218; x_wconf 89' lang='lat' dir='ltr'><strong>quod</strong></span> <span class='ocrx_word' id='word_1_239' title='bbox 374 3139 454 3199; x_wconf 88' lang='lat' dir='ltr'><strong>hane</strong></span> <span class='ocrx_word' id='word_1_240' title='bbox 466 3154 532 3199; x_wconf 89' lang='lat' dir='ltr'><strong>rem</strong></span> <span class='ocrx_word' id='word_1_241' title='bbox 544 3136 656 3198; x_wconf 88' lang='lat' dir='ltr'><strong>attinet</strong></span> <span class='ocrx_word' id='word_1_242' title='bbox 667 3137 754 3199; x_wconf 91' lang='lat' dir='ltr'><strong>haud</strong></span> <span class='ocrx_word' id='word_1_243' title='bbox 769 3137 1120 3217; x_wconf 76' lang='lat' dir='ltr'><strong>praeoccupati,vim·et</strong></span> <span class='ocrx_word' id='word_1_244' title='bbox 1131 3140 1323 3215; x_wconf 86' lang='lat' dir='ltr'><strong>potestatem</strong></span> <span class='ocrx_word' id='word_1_245' title='bbox 1340 3153 1440 3200; x_wconf 85' lang='lat' dir='ltr'><strong>vonum</strong></span> 
     </span>
     <span class='ocr_line' id='line_1_28' title="bbox 235 3243 1440 3324; baseline 0.002 -22"><span class='ocrx_word' id='word_1_246' title='bbox 235 3264 257 3305; x_wconf 79' lang='lat' dir='ltr'><strong>n</strong></span> <span class='ocrx_word' id='word_1_247' title='bbox 279 3245 478 3324; x_wconf 82' lang='lat' dir='ltr'><strong>indagarunt,</strong></span> <span class='ocrx_word' id='word_1_248' title='bbox 502 3245 606 3306; x_wconf 90' lang='lat' dir='ltr'><strong>mutto</strong></span> <span class='ocrx_word' id='word_1_249' title='bbox 620 3245 748 3308; x_wconf 87' lang='lat' dir='ltr'><strong>rectius:</strong></span> <span class='ocrx_word' id='word_1_250' title='bbox 759 3261 808 3305; x_wconf 89' lang='lat' dir='ltr'><strong>ex.</strong></span> <span class='ocrx_word' id='word_1_251' title='bbox 830 3260 877 3320; x_wconf 80' lang='lat' dir='ltr'><strong>gr.</strong></span> <span class='ocrx_word' id='word_1_252' title='bbox 890 3243 1038 3306; x_wconf 88' lang='lat' dir='ltr'><strong>Onkeios:</strong></span> <span class='ocrx_word' id='word_1_253' title='bbox 1055 3243 1181 3305; x_wconf 84' lang='lat' dir='ltr'><strong>deserto</strong></span> <span class='ocrx_word' id='word_1_254' title='bbox 1205 3250 1235 3304; x_wconf 85' lang='lat' dir='ltr'><strong>et</strong></span> <span class='ocrx_word' id='word_1_255' title='bbox 1251 3260 1377 3309; x_wconf 83' lang='lat' dir='ltr'><strong>vocuo:</strong></span> <span class='ocrx_word' id='word_1_256' title='bbox 1401 3243 1440 3306; x_wconf 90' lang='lat' dir='ltr'><strong>io·</strong></span> 
     </span>
     <span class='ocr_line' id='line_1_29' title="bbox 236 3349 1437 3432; baseline 0.002 -21"><span class='ocrx_word' id='word_1_257' title='bbox 236 3372 254 3412; x_wconf 82' lang='lat' dir='ltr'><strong>n</strong></span> <span class='ocrx_word' id='word_1_258' title='bbox 276 3353 409 3414; x_wconf 89' lang='lat' dir='ltr'><strong>nathan:</strong></span> <span class='ocrx_word' id='word_1_259' title='bbox 434 3353 559 3415; x_wconf 84' lang='lat' dir='ltr'><strong>deserta</strong></span> <span class='ocrx_word' id='word_1_260' title='bbox 585 3371 605 3412; x_wconf 89' lang='lat' dir='ltr'><strong>o</strong></span> <span class='ocrx_word' id='word_1_261' title='bbox 632 3351 710 3432; x_wconf 78' lang='lat' dir='ltr'><strong>filiis</strong></span> <span class='ocrx_word' id='word_1_262' title='bbox 737 3352 915 3430; x_wconf 81' lang='lat' dir='ltr'><strong>homiuum,</strong></span> <span class='ocrx_word' id='word_1_263' title='bbox 937 3359 968 3413; x_wconf 86' lang='lat' dir='ltr'><strong>et</strong></span> <span class='ocrx_word' id='word_1_264' title='bbox 991 3368 1092 3413; x_wconf 81' lang='lat' dir='ltr'><strong>vocuo</strong></span> <span class='ocrx_word' id='word_1_265' title='bbox 1112 3349 1151 3414; x_wconf 83' lang='lat' dir='ltr'><strong>ob</strong></span> <span class='ocrx_word' id='word_1_266' title='bbox 1174 3352 1257 3414; x_wconf 86' lang='lat' dir='ltr'><strong>omni</strong></span> <span class='ocrx_word' id='word_1_267' title='bbox 1283 3353 1437 3427; x_wconf 85' lang='lat' dir='ltr'><strong>iumento,</strong></span> 
     </span>
     <span class='ocr_line' id='line_1_30' title="bbox 241 3457 1441 3539; baseline 0 -21"><span class='ocrx_word' id='word_1_268' title='bbox 241 3479 260 3519; x_wconf 91' lang='lat'>«</span> <span class='ocrx_word' id='word_1_269' title='bbox 283 3475 421 3539; x_wconf 85' lang='lat' dir='ltr'><strong>quocum</strong></span> <span class='ocrx_word' id='word_1_270' title='bbox 444 3459 926 3539; x_wconf 77' lang='lat' dir='ltr'><strong>Targumbyerosoiymitenum</strong></span> <span class='ocrx_word' id='word_1_271' title='bbox 937 3458 1104 3521; x_wconf 83' lang='lat' dir='ltr'><strong>consentit.</strong></span> <span class='ocrx_word' id='word_1_272' title='bbox 1129 3457 1276 3520; x_wconf 79' lang='lat' dir='ltr'><strong>Etreota.</strong></span> <span class='ocrx_word' id='word_1_273' title='bbox 1293 3474 1314 3517; x_wconf 73' lang='lat' dir='ltr'><strong>a&gt;</strong></span> <span class='ocrx_word' id='word_1_274' title='bbox 1329 3458 1441 3524; x_wconf 79' lang='lat' dir='ltr'><strong>Nonni-</strong></span> 
     </span>
     <span class='ocr_line' id='line_1_31' title="bbox 240 3552 1441 3649; baseline 0.001 -19"><span class='ocrx_word' id='word_1_275' title='bbox 240 3552 313 3644; x_wconf 79' lang='lat' dir='ltr'><strong>deo,</strong></span> <span class='ocrx_word' id='word_1_276' title='bbox 336 3568 495 3648; x_wconf 89' lang='lat' dir='ltr'><strong>quomodo</strong></span> <span class='ocrx_word' id='word_1_277' title='bbox 525 3569 650 3648; x_wconf 85' lang='lat' dir='ltr'><strong>plaeere</strong></span> <span class='ocrx_word' id='word_1_278' title='bbox 675 3570 825 3649; x_wconf 83' lang='lat' dir='ltr'><strong>cuiquam</strong></span> <span class='ocrx_word' id='word_1_279' title='bbox 840 3567 941 3648; x_wconf 88' lang='lat' dir='ltr'><strong>possit</strong></span> <span class='ocrx_word' id='word_1_280' title='bbox 962 3567 1016 3631; x_wconf 91' lang='lat' dir='ltr'><strong>illa</strong></span> <span class='ocrx_word' id='word_1_281' title='bbox 1040 3568 1184 3647; x_wconf 83' lang='lat' dir='ltr'><strong>exposito</strong></span> <span class='ocrx_word' id='word_1_282' title='bbox 1205 3583 1288 3648; x_wconf 86' lang='lat' dir='ltr'><strong>quae</strong></span> <span class='ocrx_word' id='word_1_283' title='bbox 1308 3569 1441 3634; x_wconf 78' lang='lat' dir='ltr'><strong>vacuita-</strong></span> 
     </span>
     <span class='ocr_line' id='line_1_32' title="bbox 240 3673 1442 3756; baseline -0.001 -16"><span class='ocrx_word' id='word_1_284' title='bbox 240 3687 306 3740; x_wconf 87' lang='lat' dir='ltr'><strong>tem</strong></span> <span class='ocrx_word' id='word_1_285' title='bbox 330 3682 434 3738; x_wconf 92' lang='lat' dir='ltr'><strong>terrae</strong></span> <span class='ocrx_word' id='word_1_286' title='bbox 457 3677 547 3756; x_wconf 91' lang='lat' dir='ltr'><strong>ponit</strong></span> <span class='ocrx_word' id='word_1_287' title='bbox 562 3676 666 3740; x_wconf 89' lang='lat' dir='ltr'><strong>solnm</strong></span> <span class='ocrx_word' id='word_1_288' title='bbox 688 3677 727 3739; x_wconf 91' lang='lat' dir='ltr'><strong>ab</strong></span> <span class='ocrx_word' id='word_1_289' title='bbox 751 3677 879 3739; x_wconf 89' lang='lat' dir='ltr'><strong>homine</strong></span> <span class='ocrx_word' id='word_1_290' title='bbox 890 3683 921 3738; x_wconf 87' lang='lat' dir='ltr'><strong>et</strong></span> <span class='ocrx_word' id='word_1_291' title='bbox 931 3677 971 3738; x_wconf 91' lang='lat' dir='ltr'><strong>ab</strong></span> <span class='ocrx_word' id='word_1_292' title='bbox 986 3673 1072 3741; x_wconf 91' lang='lat' dir='ltr'><strong>omni</strong></span> <span class='ocrx_word' id='word_1_293' title='bbox 1086 3677 1238 3739; x_wconf 87' lang='lat' dir='ltr'><strong>iumento:</strong></span> <span class='ocrx_word' id='word_1_294' title='bbox 1253 3694 1356 3741; x_wconf 87' lang='lat' dir='ltr'><strong>vacua</strong></span> <span class='ocrx_word' id='word_1_295' title='bbox 1370 3680 1442 3741; x_wconf 87' lang='lat' dir='ltr'><strong>enin</strong></span> 
     </span>
     <span class='ocr_line' id='line_1_33' title="bbox 242 3762 1445 3868; baseline -0.002 -22"><span class='ocrx_word' id='word_1_296' title='bbox 242 3791 312 3846; x_wconf 90' lang='lat' dir='ltr'><strong>erat</strong></span> <span class='ocrx_word' id='word_1_297' title='bbox 334 3783 375 3846; x_wconf 90' lang='lat' dir='ltr'><strong>ab</strong></span> <span class='ocrx_word' id='word_1_298' title='bbox 397 3785 482 3848; x_wconf 91' lang='lat' dir='ltr'><strong>omni</strong></span> <span class='ocrx_word' id='word_1_299' title='bbox 511 3784 638 3848; x_wconf 88' lang='lat' dir='ltr'><strong>animali</strong></span> <span class='ocrx_word' id='word_1_300' title='bbox 661 3792 694 3846; x_wconf 92' lang='lat' dir='ltr'><strong>et</strong></span> <span class='ocrx_word' id='word_1_301' title='bbox 716 3784 830 3846; x_wconf 88' lang='lat' dir='ltr'><strong>arbore</strong></span> <span class='ocrx_word' id='word_1_302' title='bbox 852 3762 883 3845; x_wconf 73' lang='lat' dir='ltr'><strong>et</strong></span> <span class='ocrx_word' id='word_1_303' title='bbox 905 3783 1015 3862; x_wconf 85' lang='lat' dir='ltr'><strong>herba,</strong></span> <span class='ocrx_word' id='word_1_304' title='bbox 1038 3789 1098 3846; x_wconf 83' lang='lat' dir='ltr'><strong>ne&#39;e</strong></span> <span class='ocrx_word' id='word_1_305' title='bbox 1123 3785 1191 3864; x_wconf 86' lang='lat' dir='ltr'><strong>ipsa</strong></span> <span class='ocrx_word' id='word_1_306' title='bbox 1217 3791 1300 3847; x_wconf 86' lang='lat' dir='ltr'><strong>terra</strong></span> <span class='ocrx_word' id='word_1_307' title='bbox 1329 3786 1445 3868; x_wconf 87' lang='lat' dir='ltr'><strong>proprio</strong></span> 
     </span>
     <span class='ocr_line' id='line_1_34' title="bbox 242 3890 1445 3983; baseline 0.002 -31"><span class='ocrx_word' id='word_1_308' title='bbox 242 3893 339 3969; x_wconf 86' lang='lat' dir='ltr'><strong>dieta,</strong></span> <span class='ocrx_word' id='word_1_309' title='bbox 362 3893 428 3956; x_wconf 86' lang='lat' dir='ltr'><strong>aive</strong></span> <span class='ocrx_word' id='word_1_310' title='bbox 448 3894 488 3983; x_wconf 89' lang='lat' dir='ltr'><strong>ab</strong></span> <span class='ocrx_word' id='word_1_311' title='bbox 510 3894 600 3973; x_wconf 89' lang='lat' dir='ltr'><strong>aquis</strong></span> <span class='ocrx_word' id='word_1_312' title='bbox 624 3892 735 3970; x_wconf 87' lang='lat' dir='ltr'><strong>tibere,</strong></span> <span class='ocrx_word' id='word_1_313' title='bbox 758 3890 963 3964; x_wconf 82' lang='lat' dir='ltr'><strong>adhucerat.</strong></span> <span class='ocrx_word' id='word_1_314' title='bbox 977 3892 1116 3956; x_wconf 86' lang='lat' dir='ltr'><strong>illevero</strong></span> <span class='ocrx_word' id='word_1_315' title='bbox 1130 3893 1231 3956; x_wconf 85' lang='lat' dir='ltr'><strong>Rabbi</strong></span> <span class='ocrx_word' id='word_1_316' title='bbox 1252 3893 1374 3959; x_wconf 87' lang='lat' dir='ltr'><strong>Abbhu</strong></span> <span class='ocrx_word' id='word_1_317' title='bbox 1388 3893 1445 3978; x_wconf 90' lang='lat' dir='ltr'><strong>qui,</strong></span> 
     </span>
     <span class='ocr_line' id='line_1_35' title="bbox 243 3994 1447 4088; baseline 0.004 -26"><span class='ocrx_word' id='word_1_318' title='bbox 243 4004 329 4080; x_wconf 90' lang='lat' dir='ltr'><strong>apud</strong></span> <span class='ocrx_word' id='word_1_319' title='bbox 350 3997 592 4066; x_wconf 88' lang='lat' dir='ltr'><strong>ttieiemonidem</strong></span> <span class='ocrx_word' id='word_1_320' title='bbox 609 3994 636 4077; x_wconf 73' lang='lat'><strong>2,</strong></span> <span class='ocrx_word' id='word_1_321' title='bbox 660 4020 697 4066; x_wconf 84' lang='lat' dir='ltr'><strong>ex</strong></span> <span class='ocrx_word' id='word_1_322' title='bbox 719 4002 833 4066; x_wconf 90' lang='lat' dir='ltr'><strong>Genesi</strong></span> <span class='ocrx_word' id='word_1_323' title='bbox 855 4003 1044 4086; x_wconf 82' lang='lat' dir='ltr'><strong>deducebat,</strong></span> <span class='ocrx_word' id='word_1_324' title='bbox 1065 4004 1145 4086; x_wconf 82' lang='lat' dir='ltr'><strong>quod</strong></span> <span class='ocrx_word' id='word_1_325' title='bbox 1169 4006 1252 4066; x_wconf 84' lang='lat' dir='ltr'><strong>Deus</strong></span> <span class='ocrx_word' id='word_1_326' title='bbox 1276 4005 1447 4088; x_wconf 79' lang='lat' dir='ltr'><strong>aedificavit</strong></span> 
     </span>
     <span class='ocr_line' id='line_1_36' title="bbox 242 4112 1450 4197; baseline 0.002 -22"><span class='ocrx_word' id='word_1_327' title='bbox 242 4112 372 4175; x_wconf 80' lang='lat' dir='ltr'><strong>matndos</strong></span> <span class='ocrx_word' id='word_1_328' title='bbox 383 4122 413 4176; x_wconf 87' lang='lat' dir='ltr'><strong>et</strong></span> <span class='ocrx_word' id='word_1_329' title='bbox 426 4113 499 4176; x_wconf 85' lang='lat' dir='ltr'><strong>ittos</strong></span> <span class='ocrx_word' id='word_1_330' title='bbox 513 4114 629 4176; x_wconf 82' lang='lat' dir='ltr'><strong>iterum</strong></span> <span class='ocrx_word' id='word_1_331' title='bbox 643 4112 856 4197; x_wconf 79' lang='lat' dir='ltr'><strong>destruaeerit,</strong></span> <span class='ocrx_word' id='word_1_332' title='bbox 872 4134 888 4180; x_wconf 87' lang='lat' dir='ltr'><strong>a</strong></span> <span class='ocrx_word' id='word_1_333' title='bbox 902 4112 988 4179; x_wconf 80' lang='lat' dir='ltr'><strong>Chao</strong></span> <span class='ocrx_word' id='word_1_334' title='bbox 1004 4131 1070 4182; x_wconf 88' lang='lat' dir='ltr'><strong>non</strong></span> <span class='ocrx_word' id='word_1_335' title='bbox 1082 4113 1283 4194; x_wconf 68' lang='lat' dir='ltr'><strong>abhorrebat,</strong></span> <span class='ocrx_word' id='word_1_336' title='bbox 1306 4133 1385 4182; x_wconf 85' lang='lat' dir='ltr'><strong>nam</strong></span> <span class='ocrx_word' id='word_1_337' title='bbox 1400 4124 1450 4181; x_wconf 91' lang='lat' dir='ltr'><strong>ter·</strong></span> 
     </span>
    </p>
   </div>
   <div class='ocr_carea' id='block_1_5' title="bbox 206 4249 827 4403">
    <p class='ocr_par' dir='ltr' id='par_1_6' title="bbox 206 4249 827 4403">
     <span class='ocr_line' id='line_1_37' title="bbox 206 4249 827 4318; baseline 0.01 -20"><span class='ocrx_word' id='word_1_338' title='bbox 206 4255 209 4260; x_wconf 86' lang='grc'><em>·</em></span> <span class='ocrx_word' id='word_1_339' title='bbox 276 4250 460 4314; x_wconf 74' lang='lat' dir='ltr'><strong>tautipuiss.</strong></span> <span class='ocrx_word' id='word_1_340' title='bbox 481 4249 577 4309; x_wconf 74' lang='lat' dir='ltr'><strong>Taliter.</strong></span> <span class='ocrx_word' id='word_1_341' title='bbox 599 4249 674 4301; x_wconf 81' lang='lat' dir='ltr'><strong>Hist.</strong></span> <span class='ocrx_word' id='word_1_342' title='bbox 692 4265 720 4318; x_wconf 90' lang='lat' dir='ltr'><strong>p.</strong></span> <span class='ocrx_word' id='word_1_343' title='bbox 739 4252 827 4304; x_wconf 79' lang='lat' dir='ltr'><strong>ata-23.</strong></span> 
     </span>
     <span class='ocr_line' id='line_1_38' title="bbox 278 4345 737 4403; baseline 0.009 -7"><span class='ocrx_word' id='word_1_344' title='bbox 278 4347 296 4396; x_wconf 83' lang='lat'><strong>2</strong></span> <span class='ocrx_word' id='word_1_345' title='bbox 314 4347 385 4402; x_wconf 80' lang='lat' dir='ltr'><strong>More</strong></span> <span class='ocrx_word' id='word_1_346' title='bbox 403 4345 538 4401; x_wconf 80' lang='lat' dir='ltr'><strong>Neooeiriu</strong></span> <span class='ocrx_word' id='word_1_347' title='bbox 549 4349 578 4398; x_wconf 85' lang='grc' dir='ltr'><strong>Ρ.</strong></span> <span class='ocrx_word' id='word_1_348' title='bbox 596 4349 631 4402; x_wconf 90' lang='lat'><strong>11.</strong></span> <span class='ocrx_word' id='word_1_349' title='bbox 651 4363 675 4403; x_wconf 89' lang='lat' dir='ltr'><strong>o.</strong></span> <span class='ocrx_word' id='word_1_350' title='bbox 694 4349 737 4400; x_wconf 84' lang='lat'><strong>30.</strong></span> 
     </span>
    </p>
   </div>
   <div class='ocr_carea' id='block_1_6' title="bbox 0 0 1500 5002">
    <p class='ocr_par' dir='ltr' id='par_1_7' title="bbox 0 0 1500 5002">
     <span class='ocr_line' id='line_1_39' title="bbox 0 0 1500 5002; baseline 0 0"><span class='ocrx_word' id='word_1_351' title='bbox 0 0 1500 5002; x_wconf 95' lang='lat' dir='ltr'><strong> </strong></span> 
     </span>
    </p>
   </div>
   <div class='ocr_carea' id='block_1_7' title="bbox 1479 531 1490 3051">
    <p class='ocr_par' dir='ltr' id='par_1_8' title="bbox 1479 531 1490 3051">
     <span class='ocr_line' id='line_1_40' title="bbox 1479 531 1490 3051; baseline 0 0"><span class='ocrx_word' id='word_1_352' title='bbox 1479 531 1490 3051; x_wconf 95' lang='lat' dir='ltr'><strong> </strong></span> 
     </span>
    </p>
   </div>
   <div class='ocr_carea' id='block_1_8' title="bbox 1482 3527 1487 4255">
    <p class='ocr_par' dir='ltr' id='par_1_9' title="bbox 1482 3527 1487 4255">
     <span class='ocr_line' id='line_1_41' title="bbox 1482 3527 1487 4255; baseline 0 0"><span class='ocrx_word' id='word_1_353' title='bbox 1482 3527 1487 4255; x_wconf 95' lang='lat' dir='ltr'><strong> </strong></span> 
     </span>
    </p>
   </div>
  </div>
 </body>
</html>
