2970 5002
225 287 264 348 ta

231 452 313 515 quas
327 432 373 496 illi
393 427 596 511 expostulant
617 442 689 491 cum
705 442 796 490 sacro
824 429 913 491 textu
927 425 1103 492 conciliant.
1130 426 1320 495 Huiusmodi
1336 439 1441 498 autem

227 537 409 605 conciliatio
424 537 538 618 triplici
549 536 669 601 ratione
681 535 748 597 lieri
760 541 876 616 potest.

263 649 313 710 lv.
328 648 390 710 Sed
400 652 569 726 antequam
584 644 640 707 bas
650 643 880 708 conciliationis
892 645 957 707 vias
971 646 1147 722 ostendam,
1162 645 1241 710 illud
1256 647 1338 710 mihi
1354 647 1442 714 liceat

222 756 434 837 praemittere,
449 754 536 836 quod
549 754 576 816 si
590 755 630 816 ad
654 755 817 817 veritatem
830 769 991 817 sacrarum
1013 753 1174 818 literarum
1197 774 1270 818 cum
1298 760 1438 821 naturali

223 864 353 924 veritate
364 859 592 924 conciliandam
607 876 736 922 neeesse
750 860 940 924 haberemus
954 860 1076 942 aliquot
1089 868 1195 925 textus
1205 870 1238 925 et
1253 864 1354 929 verba
1378 866 1438 929 hlo-

224 972 268 1031 sis
283 985 363 1031 nore
381 967 511 1049 quidem
524 965 581 1028 sed
596 983 660 1030 uon
671 967 808 1029 absurde
820 968 1030 1048 interpretari,
1043 985 1117 1032 curu
1131 970 1182 1032 hic
1197 986 1260 1033 nou
1272 979 1392 1048 agatur
1405 975 1439 1035 de

225 1076 287 1138 uua
305 1082 360 1138 aut
380 1074 420 1137 do
434 1071 589 1149 moribus,
605 1073 662 1137 sed
686 1073 726 1135 do
736 1074 954 1153 chronologia,
977 1091 1115 1155 eumque
1141 1076 1264 1155 antiqui
1286 1077 1401 1141 Patres
1413 1081 1439 1141 iu

223 1183 339 1245 horum
351 1181 520 1254 verborum
534 1189 567 1245 et
578 1183 722 1246 locorum
735 1181 993 1262 interpretatione
1008 1199 1072 1247 nou
1084 1185 1377 1262 convenientum
1390 1186 1438 1247 illa

223 1287 441 1368 interpretatio
454 1304 519 1350 uon
529 1293 613 1349 esset
626 1287 804 1350 reiicienda.
820 1287 1016 1351 Naturalium
1031 1291 1117 1352 euim
1131 1306 1238 1351 rerum
1253 1289 1399 1367 cognitio
1412 1293 1439 1353 ir

223 1393 292 1456 dies
301 1410 445 1455 crescens
459 1393 533 1455 lacit
545 1394 717 1474 aliquando
737 1403 773 1457 ut
785 1411 914 1457 sensum
926 1395 1138 1475 quorumdam
1150 1395 1293 1460 locorum
1306 1415 1325 1459 e
1339 1399 1441 1478 proia-

224 1502 274 1564 uis
296 1501 502 1582 scriptoribus
515 1501 629 1566 melias
643 1519 868 1584 assequamur:
895 1519 972 1580 ergo
984 1503 1087 1567 multo
1107 1506 1208 1582 magis
1225 1505 1346 1585 aliquid
1364 1506 1439 1570 lucis

223 1609 320 1672 verbo
332 1607 400 1692 liei,
412 1611 539 1690 quando
551 1610 613 1674 hoo
626 1611 666 1672 do
679 1610 831 1674 creaturis
840 1609 1087 1691 agit,potestilla
1097 1610 1330 1688 adiicerellixi,
1343 1613 1443 1688 multo

222 1719 337 1795 magis:
349 1717 424 1797 quia·
436 1718 463 1780 si
476 1716 559 1780 dicta
573 1718 778 1797 profanorum
789 1719 1005 1798 antiquorum,
1017 1717 1133 1798 quihus
1144 1718 1250 1782 miuus
1270 1727 1349 1782 nota
1374 1728 1441 1785 orat

223 1832 347 1902 natura,
362 1827 530 1889 recentiori
542 1825 713 1910 aliquando
727 1826 857 1889 scientia
870 1824 1013 1904 indigent
1033 1835 1069 1890 ut
1082 1829 1307 1917 intelligantur;
1324 1836 1442 1910 quanto

222 1934 324 2013 magis
337 1934 433 1996 verba
451 1933 537 1997 lllios
549 1935 603 2015 qui
619 1935 653 1997 in
668 1935 859 1998 immensum
873 1935 971 1998 vincit
984 1935 1145 1999 solentiam
1160 1942 1302 1998 nostram
1315 1937 1323 2000 l
1337 1937 1444 2001 Eccle-

222 2041 267 2103 sia
283 2058 409 2122 semper
430 2041 462 2104 in
484 2042 726 2123 quaestionibus
740 2041 974 2122 chronologicis
989 2043 1170 2106 libertatem
1195 2044 1355 2108 concessit
1374 2046 1441 2126 opi·

222 2149 368 2230 nionum,
383 2150 456 2212 licet
477 2153 678 2231 quaestiones
699 2151 740 2214 de
754 2152 883 2215 homine
898 2158 931 2214 et
944 2153 984 2214 da
998 2153 1124 2216 Domini
1139 2153 1238 2216 nostri
1252 2153 1324 2215 lesu
1347 2154 1441 2216 Chri-

221 2256 261 2318 sti
276 2257 532 2336 progenitoribus
554 2257 684 2321 maioris
702 2259 854 2339 proiecto.
868 2258 1022 2348 momenti
1033 2265 1151 2338 essent,
1164 2258 1350 2338 quamillae
1362 2277 1443 2341 quae

220 2365 261 2428 de
273 2364 478 2444 chronologia
492 2365 676 2445 plantarum
690 2373 722 2429 et
734 2365 915 2430 belluarum
930 2373 1140 2447 occupantur.
1152 2366 1268 2446 Accipe
1283 2365 1381 2429 huius
1395 2365 1441 2429 rei

226 2473 421 2551 exemplum.
447 2471 537 2536 iuxta
550 2473 708 2536 Geneseos
720 2479 842 2535 textum
857 2473 1040 2536 hebraicum
1054 2479 1087 2535 et
1097 2473 1256 2551 vulgatam
1267 2491 1330 2553 qua
1344 2475 1443 2536 utitur

227 2579 370 2644 Romana
383 2579 535 2659 Ecclesia,
551 2579 591 2642 ab
608 2580 727 2644 Adamo
741 2581 782 2642 ad
794 2597 900 2643 aeram
916 2597 1016 2661 usque
1029 2580 1239 2644 Christianam
1249 2579 1311 2642 llL.
1322 2580 1447 2644 circiter

226 2689 351 2750 saecula
376 2689 586 2752 intercedunt.
602 2689 720 2752 Natalis
742 2688 921 2752 Alexander
942 2688 1033 2769 pouit
1054 2690 1141 2754 4000
1154 2705 1256 2751 annos
1269 2696 1443 2765 accurate,

224 2794 434 2870 bellarminus
457 2803 490 2859 et
503 2795 646 2860 Petavius
660 2798 751 2875 39843
765 2797 873 2861 Sixtus
887 2797 1035 2862 &nensis
1056 2804 1090 2861 et
1109 2797 1161 2860 alii
1174 2797 1306 2874 3900;Α
1327 2797 1446 2876 Lapide

224 2904 326 2986 3003;
354 2903 493 2982 Scaliger
516 2905 615 2982 39503
632 2924 658 2968 s.
674 2903 929 2986 hieronymusin
954 2913 1074 2987 quaest.
1089 2905 1174 2992 beia.
1190 2905 1280 2968 aaut.
1303 2901 1447 2966 Ecclesia

225 3013 283 3074 bas
297 3013 437 3092 aliasque
452 3014 618 3090 opiniones
630 3013 748 3093 pariter
760 3013 883 3075 tolerat:
900 3020 933 3075 st
943 3012 976 3075 iu
991 3012 1214 3093 martyrologio
1228 3028 1373 3090 romano,
1389 3011 1444 3073 uhi

223 3120 387 3183 Dominica
400 3119 550 3182 Nativitas
563 3123 757 3200 enuntiatur,
772 3137 907 3201 sequeus
928 3120 1104 3183 versionem
1115 3136 1263 3213 graecum
1277 3118 1371 3180 lxx.
1394 3118 1446 3179 iu-

226 3235 410 3307 terpretum,
429 3229 510 3291 5199
524 3245 625 3291 annos
640 3222 737 3292 luisse
751 3245 823 3290 curn
836 3226 976 3291 Eusebio
1000 3233 1239 3291 commemorat.
1264 3226 1307 3288 At
1321 3242 1381 3289 nee
1392 3226 1448 3304 qui

227 3335 319 3398 LXX.
342 3341 520 3416 sequuntur
540 3335 727 3417 interpretes
745 3338 826 3421 iuter
841 3353 875 3397 se
899 3335 1103 3417 conveniunt,
1129 3353 1202 3398 nam
1216 3350 1266 3396 ex.
1289 3349 1337 3410 gr.
1368 3333 1443 3396 Clo-

228 3461 318 3505 mens
338 3443 569 3508 Alexandrinus
591 3445 771 3525 ponithbil
792 3458 893 3506 annos
907 3451 940 3506 et
963 3462 988 3504 s.
1005 3442 1146 3508 lulianus
1160 3442 1335 3524 Episcopus
1350 3440 1444 3504 Tole-

231 3557 323 3612 tanus
346 3552 440 3632 (saec.
457 3548 534 3631 vll.)
550 3552 643 3615 0011.
1263 3602 1265 3608 .

272 3660 307 3722 V.
327 3659 392 3722 lam
414 3657 447 3721 in
468 3676 502 3720 re
515 3660 772 3724 nostralortasse
787 3677 868 3741 opus
881 3676 945 3724 non
960 3668 1019 3737 est,
1033 3666 1069 3724 ut
1089 3659 1130 3721 ad
1145 3675 1241 3723 noras
1263 3656 1449 3734 etomnino

232 3767 393 3831 inauditas
410 3767 553 3831 locorum
576 3775 609 3829 et
619 3769 790 3832 verborum
803 3767 1031 3850 explicationes
1047 3765 1284 3844 confugiamus;
1304 3764 1447 3827 animad-

228 3877 389 3938 versiones
402 3876 493 3940 enim
505 3876 568 3938 iam
583 3882 709 3939 nomme
720 3877 760 3938 ah
776 3875 1001 3957 interpretibus
1016 3873 1185 3937 sufficiunt.
1196 3874 1295 3937 venio
1307 3872 1392 3936 nuuc
1406 3871 1446 3934 ad

155 3973 159 3983 ¹
229 3983 371 4064 primum
385 4001 425 4044 ex
439 3985 539 4064 trihus
554 3985 784 4048 conciliationis
798 3983 913 4047 modis.

270 4091 328 4163 Qui
344 4090 428 4154 hunc
443 4099 630 4173 sequuntur,
646 4100 770 4174 ponunt
785 4093 897 4171 longas
912 4091 1060 4172 periodos
1072 4087 1253 4170 geologioas
1273 4093 1445 4169 posterea-

227 4197 343 4262 tiouem
363 4196 491 4265 coellet
521 4204 635 4276 terrae,
649 4216 731 4278 quae
746 4216 839 4264 vorsu
854 4200 897 4262 1.⁰
909 4199 1073 4272 iudicatur,
1096 4202 1129 4259 et
1141 4201 1215 4261 enta
1228 4202 1336 4260 ortum
1349 4196 1444 4273 lucis,
