2970 5002
1200 299 1203 305 ¹
1298 312 1357 376 tul

137 455 327 517 uertendum
348 459 396 516 est
420 453 535 534 primo,
551 430 664 515 bic'de
687 449 843 514 creatione
865 466 929 513 nou
952 449 1014 529 agi:
1037 448 1115 512 nihil
1130 449 1218 512 enim
1246 439 1278 527 in
1292 450 1355 511 boc

136 579 234 643 opere
253 569 394 626 erectum
414 562 541 624 dicitur.
556 560 638 623 Dum
654 560 791 638 primum
819 556 922 620 bloses
953 559 1071 648 indicat
1091 575 1246 634 caussam,
1271 574 1355 639 quae

138 687 206 736 una
226 671 267 733 ad
288 671 384 734 finem
405 687 501 751 quem
523 667 707 731 intendebat
731 661 800 728 erat
820 671 1003 746 opportuna
1021 717 1029 741 ,
1050 667 1194 746 proiecto
1216 684 1281 731 nun
1303 685 1357 729 ne·

136 787 190 857 gat
214 781 247 840 in
270 779 375 859 aliqua
396 765 452 840 liei
473 777 542 856 lege
559 777 573 858 ¹(
599 775 750 844 nimirum
773 775 805 835 in
828 774 934 863 aliqua
949 773 1147 838 uniiurml'et
1161 778 1353 856 permanen-
1439 782 1444 794 ’

137 895 168 948 te
189 886 244 948 Dei
265 885 415 955 notitione
440 903 503 965 qua
531 884 611 946 alios
632 883 752 946 multos
773 881 904 942 effectus
928 863 1038 961 postea
1073 881 1226 961 produxit
1257 889 1356 962 atque

135 996 215 1058 adeo
237 1012 322 1057 nunc
346 992 518 1073 producit)
545 992 738 1072 peculiarem
759 991 841 1053 banc
863 989 1045 1056 vetitionem
1062 989 1220 1053 inclusam
1242 991 1353 1055 fuisse.

138 1103 248 1165 Mediis
268 1110 355 1167 certe
376 1100 516 1162 externis
538 1117 602 1162 nnn
624 1099 743 1176 indiget
762 1098 857 1161 Deus:
884 1099 940 1161 scd
962 1116 1027 1161 nun
1048 1108 1130 1161 esta
1152 1101 1357 1180 nobiscum-

142 1212 277 1273 rendum
289 1209 364 1290 quid
376 1205 618 1269 admiraculum
629 1207 786 1287 potentiue
798 1207 1014 1286 saoneopernri
1036 1207 1138 1286 possit
1163 1208 1267 1269 divina
1287 1207 1358 1269 viri

136 1327 201 1394 tus,
225 1318 281 1382 sed
307 1315 423 1396 potius,
439 1313 515 1396 qu'id
529 1315 586 1379 llle
600 1317 655 1395 qui
669 1300 1086 1401 disponitomnin'snnniter
1113 1313 1216 1376 iecere
1236 1316 1358 1378 solante.
1425 1352 1432 1363 ·

135 1425 270 1502 Dignius
290 1432 376 1487 certo
395 1423 590 1490 rideturliei,
607 1423 773 1503 sapientia,
785 1424 890 1504 ipsum
906 1425 1061 1502 per-leges
1075 1433 1101 1485 'a
1121 1441 1156 1486 so
1175 1424 1210 1486 in
1220 1425 1355 1504 prisca·-

136 1534 190 1612 pio
216 1532 336 1612 positas
357 1539 389 1594 et
415 1533 566 1597 materiae
586 1537 771 1595 concreatae
792 1531 943 1593 effecisse·
953 1532 1105 1610 primum,
1128 1539 1164 1595 ut
1177 1532 1274 1595 tellus
1296 1551 1355 1596 τοι

132 1658 207 1702 cens
222 1648 294 1703 nata
307 1641 400 1725 aquis
412 1648 644 1718 contegeretur,
661 1648 708 1718 ut,
722 1640 799 1706 dum
812 1639 874 1701 eut>
887 1638 924 1703 iis
939 1629 1150 1717 delitesceret,
1176 1657 1290 1718 magua
1311 1658 1353 1704 ex

131 1765 236 1829 aquae
251 1748 436 1816 sedimeutis
446 1748 604 1828 acciperet
619 1750 825 1822 incrementn3
841 1754 953 1828 postea
967 1765 1042 1812 vero
1056 1749 1153 1814 modo
1167 1749 1238 1829 bae,
1253 1752 1356 1814 modo

136 1859 210 1922 illae
236 1857 358 1923 telluris
379 1866 494 1937 partes
507 1856 649 1938 exequie
670 1862 881 1934 emergerent,
904 1866 941 1920 ut
961 1857 1087 1936 plautas
1123 1875 1161 1919 ac
1182 1866 1355 1923 terrestres·

136 1967 317 2029 animantes
331 1967 488 2030 sustinere
503 1974 643 2046 possent.
668 1965 753 2030 llaec
775 1965 852 2029 dum
877 1965 921 2027 ita
936 1964 1093 2046 concipio,
1115 1983 1176 2030 nae
1198 1967 1277 2030 illud
1298 1985 1355 2031 ex·
1379 2047 1382 2057 .

134 2073 273 2138 clamare
285 2090 394 2151 cogor:
417 2074 528 2152 onmia
540 2075 574 2136 io
587 2074 745 2152 snpientia
755 2072 864 2151 sociati
879 2072 888 2155 (
904 2073 957 2134 Ps'.
978 2071 1052 2148 etti,
1066 2074 1106 2137 at
1122 2072 1146 2153 l.
1158 2075 1236 2136 Vide
1250 2091 1353 2155 quam

134 2184 229 2244 multi
242 2181 372 2246 effectus
393 2183 561 2261 expanuis
582 2197 619 2242 ac
634 2181 833 2260 simplicibus
856 2182 980 2259 legibus
995 2182 1249 2260 proficiscanturl
1267 2184 1354 2247 Ecce

133 2287 309 2369 quomodo,
328 2306 392 2350 una
416 2288 472 2351 Ilei
490 2287 651 2363 volitioun,
674 2295 788 2351 cuncta
814 2289 855 2351 ad
877 2306 972 2352 suum
996 2306 1131 2370 scopum
1154 2292 1354 2370 procedunt.'

134 2397 387 2462 Hceosententin
403 2398 412 2479 l
426 2405 501 2460 utor
514 2396 620 2459 verbis
645 2403 678 2462 et
699 2396 852 2462 doctrina
873 2397 975 2461 Suarii
993 2396 1037 2478 t)
1059 2408 1107 2463 eat
1128 2401 1229 2481 acopis
1249 2401 1354 2480 ptitoe
1474 2405 1476 2409 ’

125 2504 259 2584 sophico
279 2513 309 2568 et
336 2504 456 2569 rationi
478 2504 662 2584 conformis,
686 2504 741 2572 cui·
760 2505 861 2585 monis
886 2506 1111 2573 inhaerendum
1138 2519 1197 2587 est,
1215 2509 1350 2591 ouoonn

129 2613 374 2692 Scripturonon
387 2613 480 2693 oepit.
502 2612 589 2675 ldem
615 2611 719 2681 docet:
746 2613 815 2675 Non
834 2621 890 2676 est.
907 2616 949 2680 od
974 2635 1118 2683 naussum
1136 2619 1275 2698 primum
1301 2636 1352 2681 req

129 2721 346 2799 currendum,
371 2729 597 2812 compostum
621 2719 750 2800 effectos
774 2721 815 2789 oc
842 2739 972 2792 onustus
997 2726 1149 2792 secundos
1175 2727 1285 2791 reduci
1312 2729 1349 2793 b.

128 2826 250 2893 Contra
276 2829 303 2890 si
319 2829 444 2909 dicam,
473 2829 676 2891 solummodo
688 2831 842 2908 peculiari
868 2832 1010 2912 quodam
1020 2836 1081 2897 >liei
1094 2836 1228 2915 imperio
1252 2838 1346 2901 tellu-

135 2954 212 3009 rem¹
226 2938 317 3017 aquis
338 2935 442 3008 inisse,
456 2944 652 3016 coopertam,
665 2946 777 3016 postea
790 2936 851 2999 alia
863 2938 920 3002 Dei
933 2940 1072 3006 iussione
1085 2961 1123 3008 an
1143 2944 1242 3023 priori
1265 2963 1349 3021 poue

130 3048 228 3112 traria
249 3046 350 3126 ipsam
371 3046 520 3116 tellurem
542 3046 696 3128 abequis
718 3048 896 3125 emersisse,
911 3051 990 3131 quin
1014 3060 1070 3122 aut
1095 3071 1189 3119 causa
1204 3053 1268 3120 ulle
1292 3063 1350 3127 aut

129 3154 218 3224 utilis
241 3155 356 3238 aliquis
378 3154 511 3226 effectus
532 3155 626 3223 huius
638 3155 821 3218 ablutionis
843 3157 1006 3236 adpareat,
1028 3176 1139 3222 vereor
1171 3160 1345 3243 equidem,

119 3280 172 3334 ,ue
186 3265 367 3342 sapientum
385 3265 486 3332 buius
500 3263 612 3339 mundi
628 3263 856 3331 scommatibus
865 3265 1063 3345 Scriptorum
1074 3263 1243 3348 exponam,
1258 3271 1349 3351 quod

126 3370 267 3440 maxime
289 3371 463 3442 cavendum
477 3370 540 3444 iam
555 3372 748 3450 audirimus;
771 3373 828 3435 sed
843 3374 975 3454 expedit
987 3375 1109 3456 pluries
1129 3377 1252 3462 audire.
1338 3428 1343 3451 ,

170 3478 310 3550 Effectus
329 3479 490 3546 naturales
510 3479 672 3560 Scriptura
686 3479 752 3548 Deo
777 3481 902 3545 tribuit:
925 3501 997 3545 vere
1023 3485 1155 3565 quidem
1178 3494 1210 3549 et
1235 3487 1346 3568 philea

125 3588 268 3669 sophico,
287 3586 681 3671 Omnesenimeffectus,
702 3590 757 3670 qui
779 3607 798 3651 a
818 3599 925 3662 creata
947 3591 1112 3659 voluntate
1143 3611 1208 3660 unu
1233 3597 1347 3660 orione

127 3707 233 3776 tur,.a
256 3697 322 3767 sola
344 3695 501 3765 creatoris
523 3697 687 3768 vuluntate
714 3699 858 3771 oriantur
881 3716 1012 3774 necesse
1036 3708 1096 3764 est.
1121 3701 1162 3775 Et
1183 3703 1261 3763 baec
1281 3704 1347 3782 du«,

125 3806 227 3868 ctrina
253 3804 414 3887 plerisque
441 3802 608 3875 bominum
630 3807 757 3883 abunde
776 3797 907 3883 'subicite
939 3809 994 3890 qui
1016 3808 1103 3871 enim
1124 3825 1195 3869 eam
1217 3809 1351 3875 didiae*

121 3921 200 3980 runt
224 3932 260 3977 ac
281 3920 402 4004 tenent,
425 3912 519 3992 longe
540 3924 703 3996 praestant
720 3924 788 3988 tum
817 3918 856 3983 iis
883 3917 939 3998 qui
964 3916 1053 3990 olan,
1079 3915 1226 3995 operibus
1241 3925 1343 3990 attane

122 4024 246 4101 dentes,
262 4041 324 4086 non
340 4033 533 4103 opnooerunt
560 4027 631 4106 quis
654 4035 735 4090 estet
750 4026 889 4106 antifona
909 4025 964 4090 aed
978 4033 1033 4088 cut
1060 4025 1171 4106 ipncm,
1201 4038 1257 4090 out
1271 4030 1342 4108 epia

116 4135 233 4210 ritum,
249 4142 305 4196 out
325 4135 458 4198 citatum
486 4142 603 4217 aerem,
633 4144 688 4203 cut
714 4154 826 4217 pyrum
848 4135 1042 4218 stellarum,
1066 4144 1124 4213 cot
1152 4136 1282 4215 nimium
1309 4156 1343 4208 u*

154 4276 170 4326 1
190 4272 229 4324 Da
247 4273 431 4338 opsonator.
454 4274 489 4326 11.
508 4288 534 4356 c.
554 4275 581 4329 7.

149 4370 226 4428 2Dc
244 4370 352 4442 nupt.
371 4372 396 4432 t,
415 4385 443 4426 n.
461 4371 489 4428 8.
