2970 5002
1231 318 1268 381 sl

59 463 95 505 ea
112 444 151 506 de
169 444 258 507 nobis
280 445 398 508 iudicia
420 445 542 522 lerent,
566 462 646 525 quae
667 462 725 506 nos
749 445 788 510 de
809 445 967 508 veteribus
989 465 1069 526 quos
1090 449 1121 510 in
1144 453 1275 516 scientie

56 554 193 613 naturali
213 555 302 634 qnasi
326 572 442 634 pucros
466 555 632 615 videmus:
658 563 732 615 tnnc
755 552 896 633 prolecto
918 553 1100 619 hexaemeri
1126 559 1273 623 diviuitas

57 660 193 738 pleniori
214 663 333 725 lumine
357 663 541 738 clarescens,
563 663 664 724 oculis
685 663 778 724 etiam
802 663 1033 726 adversantium
1054 683 1087 727 se
1108 669 1195 732 nltro
1220 670 1274 731 in-

58 775 146 843 geret
164 769 191 826 1’.
218 789 232 824 t
1180 848 1182 853 Ι

98 876 306 956 Explodenda
327 895 404 939 vero
427 855 561 939 omnino
579 886 629 940 est
649 882 805 941 sententia
818 897 899 959 quae
917 881 1020 956 docet,
1037 881 1112 942 nihil
1129 900 1274 947 crassum

60 992 92 1044 et
114 1003 304 1065 corporeum
336 989 514 1050 narratione
535 981 601 1047 ista‘
614 989 852 1068 comprehendi,
874 989 930 1052 sed
944 990 1152 1068 intelligibilia
1168 995 1275 1055 omnia

59 1099 197 1176 proponi
227 1105 298 1157 eta
319 1097 464 1158 sensibus
487 1107 613 1158 remota>
634 1113 716 1175 quae
739 1097 942 1159 sensibilibus
964 1098 1071 1173 rebus,
1094 1099 1179 1160 velut
1196 1101 1276 1177 figu-

15 1285 17 1288 Ϋ
58 1203 115 1276 ris,
138 1203 381 1277 adumbrentnr;
406 1210 568 1282 totamque
589 1202 669 1264 banc
691 1204 803 1264 mundi
826 1205 956 1267 orientis
977 1206 1140 1268 historiam
1151 1205 1271 1282 allego-

51 1309 155 1369 rieam
170 1325 251 1369 esse.
267 1309 429 1371 Tribuitnr
443 1310 493 1371 hic
514 1312 602 1371 error
617 1308 743 1386 Origeni
757 1309 831 1389 qni,
850 1327 921 1373 cum
943 1312 975 1372 iu
990 1311 1071 1389 aliis,
1087 1311 1224 1391 simplici
1241 1321 1275 1371 ct

55 1418 184 1477 litterali
205 1425 309 1497 spreta
331 1418 380 1478 vel
400 1418 549 1480 damnata
571 1417 807 1497 Scripturarum
829 1419 1007 1498 sententia,
1043 1421 1083 1481 ad
1104 1418 1272 1495 allegorias

62 1525 277 1604 figuratosque
299 1543 410 1588 sensus
435 1525 541 1587 omnia
565 1525 775 1602 transtulisse,
799 1534 866 1588 tum
888 1529 1000 1588 mundi
1019 1527 1178 1591 nascentis
1206 1546 1275 1591 mo·

57 1633 177 1695 sairam
199 1634 362 1696 historiam
383 1635 494 1695 eadem
516 1633 730 1695 ludificatione
752 1634 939 1712 pervertisse
960 1643 1135 1697 accusatur.

98 1741 184 1803 Hanc
198 1741 445 1818 origenistarum
457 1740 611 1802 insaniam
624 1757 664 1801 ex
675 1740 819 1820 professo
838 1741 995 1819 refellere,
1017 1741 1110 1803 huius
1125 1741 1185 1803 loci
1202 1760 1267 1806 non

55 1856 115 1910 est.
133 1848 214 1910 Satis
230 1850 271 1910 sit
284 1848 464 1923 admonere,
475 1848 561 1910 illem
576 1858 769 1910 essecontra
784 1865 894 1911 omnes
910 1849 1164 1911 hermeneuticae
1180 1849 1266 1928 leges

55 1965 88 2015 et
104 1955 262 2017 neminem
276 1957 331 2034 qui
347 1972 443 2017 sanae
455 1957 496 2017 sit
507 1957 622 2017 mentis
636 1957 680 2015 ita
692 1955 792 2016 libros
808 1955 974 2034 historicos
989 1956 1200 2034 interpretari;
1217 1964 1269 2018 at-

54 2080 129 2142 que,
144 2064 230 2143 quod
245 2072 340 2142 caput
353 2063 504 2137 est‚lllam
519 2080 537 2123 a
552 2062 661 2125 ss.PP.
678 2072 710 2122 et
723 2063 763 2122 ab
777 2061 916 2123 Ecclesia
928 2063 1145 2124 reiici.Contra
1157 2063 1272 2141 Orige-

54 2189 129 2233 nem
145 2173 285 2250 disputat
296 2171 491 2250 Epiphanius
506 2172 602 2230 Hoer.
619 2170 722 2246 LXlV,
736 2178 767 2228 et
783 2170 912 2230 uberius
926 2172 958 2229 in
970 2170 1155 2244 Astoboruto,
1173 2181 1205 2230 et
1216 2173 1271 2232 de-

51 2280 170 2340 clamat
184 2281 217 2338 in
231 2278 299 2339 eius
313 2279 450 2338 asseclas
463 2274 660 2355 Sophronius
674 2274 976 2352 hierosolymitanus
994 2277 1023 2363 2τ
1042 2277 1205 2338 »Tantum
1217 2280 1275 2338 ab·

49 2406 70 2449 u
97 2405 208 2448 sumus
221 2435 228 2465 ,
242 2386 287 2446 ait
301 2385 463 2463 Petamus,
479 2384 519 2445 ab
535 2400 573 2444 eo
589 2392 624 2444 ut
637 2400 718 2462 quae
733 2382 773 2443 de
783 2384 863 2445 coeii
880 2393 1045 2462 terraeque
1059 2385 1217 2445 creatione
1237 2404 1276 2445 ac

48 2518 71 2556 «
95 2496 219 2556 dierum
234 2494 431 2573 singulorum
442 2493 570 2573 opificio
589 2493 715 2570 scripsit
732 2490 887 2571 (Moses),
918 2492 1074 2570 spiritales
1108 2495 1148 2555 ad
1164 2494 1273 2557 nescio

51 2627 71 2666 a
96 2621 175 2683 quas
188 2602 463 2681 interpretationes
475 2599 637 2662 transferri
651 2601 819 2679 patiemur,
829 2600 949 2662 nuliam
962 2601 1040 2661 utin
1054 2591 1119 2663 tota
1132 2602 1184 2662 illa
1196 2619 1270 2663 nar«

55 2736 73 2775 u
100 2711 221 2772 ratione
238 2707 292 2788 (C.
308 2709 332 2771 Ι.
350 2708 372 2789 ),
389 2711 449 2770 nisi
463 2726 691 2789 corporearum
705 2727 812 2770 rerum
834 2709 1027 2770 mentionem
1037 2716 1192 2788 putemus
1207 2709 1266 2801 lle·-

58 2844 77 2884 α
99 2822 135 2884 ri:
153 2821 193 2880 de
210 2818 341 2895 Angelis
355 2836 429 2880 vero
453 2818 628 2898 ceterisque
642 2834 777 2896 corpore
798 2817 979 2879 carentibus
998 2817 1118 2878 Mosem
1133 2817 1265 2879 omnino

58 2949 76 2989 u
99 2926 245 2987 tacuisse.
262 2924 353 2999 Nam,
368 2941 438 2987 cum
451 2924 492 2985 ud
505 2924 636 2985 ludaeos
650 2923 746 2986 verbo
754 2924 884 3001 luceret,
901 2924 955 3003 qui
967 2923 1185 3002 praesentibus
1194 2942 1269 3003 per-

60 3058 74 3093 e
95 3037 160 3098 (lite
175 3044 266 3098 eraut
279 3034 385 3115 affieri,
397 3051 452 3096 aec
470 3031 669 3112 intelligibile
689 3032 857 3112 quidquam
871 3033 1038 3111 imaginari
1048 3039 1206 3111 poterant,
1230 3032 1270 3092 ob

61 3167 75 3202 u
96 3144 298 3208 sensibilibus
311 3143 383 3206 illos
391 3144 519 3204 interim
530 3143 571 3204 od
582 3142 800 3203 uniuersorum
808 3141 947 3220 opificem
953 3139 1110 3218 provebit,
1120 3139 1276 3217 aithry-

63 3276 77 3312 u
100 3261 261 3316 sostomns
277 3253 304 3311 3.
324 3251 493 3328 Gregorius
521 3264 648 3328 quoque
662 3247 812 3310 Nissenus
825 3246 891 3308 Lib.
909 3246 940 3308 in
955 3245 1103 3307 Hexe'e‘m.
1119 3245 1274 3308 derebus

61 3383 76 3419 u
96 3343 319 3431 'tantummodo
333 3359 492 3436 corporeis
504 3356 666 3434 disputare
677 3353 784 3416 hlosen
796 3355 966 3432 existimat,
978 3370 1035 3415 nec
1050 3369 1114 3415 non
1129 3353 1274 3417 Severia-

58 3487 74 3525 «
98 3482 158 3527 nus
173 3465 263 3528 Hom.
281 3464 305 3542 l,
321 3463 506 3542 Procopius,
523 3470 555 3523 ct
566 3461 700 3540 Cyrillus
712 3462 742 3522 in
754 3460 781 3521 ll
796 3469 906 3524 contra
921 3459 1077 3525 lulianum
1095 3461 1126 3536 t,
1143 3483 1156 3520 u

43 4045 48 4056 ·
92 4029 108 4078 1
127 4033 315 4082 hexaemeron.
335 4026 445 4091 Neapoli
464 4025 530 4075 1777
548 4041 575 4091 p.
595 4028 622 4076 2.

62 4124 174 4192 ‚Hp
194 4124 232 4175 nd
251 4124 375 4189 saeptam
397 4121 590 4171 CPolitouem.

87 4223 105 4272 3
124 4223 205 4271 Hom.
226 4223 256 4270 ll
273 4222 303 4271 in
324 4221 390 4271 Gen.

87 4317 213 4372 il’etat.
234 4319 271 4366 De
290 4333 331 4384 op.
351 4332 407 4370 sce.
428 4316 494 4367 dior.
518 4315 639 4367 Proocm.
659 4315 677 4379 S
695 4315 711 4365 l
730 4320 754 4365 et
773 4313 798 4365 t.
