2970 5002
141 305 198 367 161

136 443 280 522 quamvis
308 441 329 502 ii
355 441 616 516 icreuurnquam
651 438 856 516 reperiantur.
884 439 915 500 Si
944 455 1019 499 casu
1052 437 1158 517 aliquo
1195 439 1335 509 66666116

133 567 177 610 ¹au
201 550 249 611 his
274 545 453 628 patrefactis
474 544 671 607 animalculis
692 550 833 606 veterum
857 545 960 607 oculis
986 562 1055 606 sese
1080 543 1332 630 6116666666,1Ι-

90 707 93 713 ,
135 657 166 716 16
185 674 192 733 ,
212 661 265 722 ,uo
280 659 382 732 puto,
408 668 540 730 corpora
555 668 639 712 esse
669 650 873 729 inorganioa,
897 661 928 712 et
951 658 1081 713 naturae
1099 647 1125 727 ,ζ
1142 657 1177 711 ut
1206 651 1330 729 dicitur,

134 762 274 827 ludentis
296 778 400 841 opus,
426 739 660 830 existimabant,
685 760 787 832 Quare
811 762 837 834 ¹si
860 762 932 839 quis
958 758 1203 841 probares-hos
1229 759 1331 820 trilobi·

135 878 183 932 666
198 871 276 959 ,661
304 869 459 949 quaedum
484 871 711 949 microseopica
725 868 913 930 animalcula
926 875 1001 929 ante
1016 867 1229 928 emersionem
1244 874 1332 927 terrr-

133 995 205 1041 rum
228 979 371 1059 adeoque
393 985 470 1043 6666,
480 979 628 1057 quintam
656 983 688 1038 et
709 977 804 1043 etiam
830 984 912 1043 6666.
926 983 1072 1056 quartam
1085 974 1252 1061 periodum
1264 977 1325 1036 esti·

134 1087 209 1150 11666
228 1112 236 1165 ,·
259 1104 329 1150 non·
344 1094 427 1148 esset
451 1085 528 1146 haec
552 1084 652 1145 valida
674 1085 810 1148 obiectio
824 1072 934 1147 contra
957 1083 1052 1146 iliosis
1065 1082 1324 1145 historiamcon·

132 1193 560 1274 6666666166666616666666
574 1192 806 1268 demonstrans,
821 1193 902 1254 inter
914 1191 1059 1255 animalia
1074 1190 1168 1274 huius
1181 1190 1241 1252 diei
1258 1171 1322 1252 crea·

133 1312 221 1366 iuras
244 1303 321 1367 illas·
338 1299 672 1381 noncornprehendi,
694 1317 776 1379 quae
801 1317 908 1382 revera
930 1318 990 1368 uec
1013 1298 1140 1384 reptilia
1160 1293 1249 1373 Ι6666,
1272 1297 1321 1358 661-

134 1411 199 1479 tem
224 1409 353 1488 proprio
379 1425 500 1484 sensu,
528 1424 587 1469 nec
614 1406 715 1484 pisces
733 1454 740 1481 ‚
758 1424 817 1466 nec
830 1413 922 1480 cete,
947 1425 1005 1468 nec
1026 1406 1176 1487 volatilia.
1190 1405 1324 1468 ldemior·

134 1523 217 1580 tasse
232 1516 294 1578 dici
311 1500 423 1596 *potest
436 1516 475 1578 de
490 1513 680 1594 quibusdam
696 1514 824 1576 conchis
839 1513 981 1593 omnino,
996 1523 1052 1602 aut
1072 1515 1149 1596 1666,
1166 1515 1257 1583 166611
1269 1529 1320 1575 no-

132 1633 168 1685 tu
194 1623 398 1698 carentibus,
420 1639 536 1704 quae
527 1624 608 1690 inter
635 1621 814 1701 antiquiora
835 1623 954 1686 16661116
984 1642 1047 1711 una
1075 1641 1154 1714 cuna
1171 1624 1245 1686 illis·
1264 1639 1321 1686 cru·

134 1735 248 1796 6666616
270 1735 480 1827 reperiuntur.
553 1774 579 1791 Δ.
982 1788 985 1794 .
1058 1783 1060 1787 «

146 1838 277 1902 Pisces
298 1844 426 1922 proprio
440 1846 567 1910 nomine
592 1835 689 1937 (J'l)
705 1846 765 1909 hic
786 1861 849 1909 non
871 1848 1099 1929 memorantur,
1107 1785 1197 1929 11666
1220 1841 1273 1903 hae
1285 1854 1325 1902 66

131 1966 167 2017 66
189 1964 282 2028 saepe
305 1957 434 2014 utantur
455 1953 579 2018 hebraei
603 1960 783 2037 scriptores
793 1963 826 2020 66
845 1955 912 2033 1666
933 1953 1034 2016 116666
1056 1920 1202 2031 666111,
1226 1952 1254 2035 2,
1277 1949 1321 2012 ds.

131 2055 462 2136 6161666666
486 2059 968 2144 1666166666616666.26,28,
992 2058 1324 2138 6616661666661166

132 2176 254 2227 creatos
277 2153 510 2246 evidentissime
532 2172 694 2251 supponit.
715 2171 777 2233 Sed
799 2171 859 2233 hoc
882 2171 951 2233 loco
974 2169 1217 2250 praeferendam
1255 2166 1329 2230 duxit

131 2289 240 2349 vocem
263 2247 445 2372 16116666
460 2281 683 2360 interpretatur
697 2279 821 2360 reptile,
841 2280 974 2362 16666666
987 2279 1060 2359 quia
1076 2285 1262 2356 potestatem
1277 2291 1328 2338 rna·

129 2388 178 2464 gis
194 2371 364 2449 extensam
376 2386 493 2467 habet:
508 2380 585 2459 16666
608 2404 700 2450 6666
697 2405 773 2464 vox,
798 2405 879 2467 quae
899 2405 924 2448 6
939 2390 1028 2466 copia
1049 2394 1080 2448 et
1101 2385 1251 2465 foecunda
1262 2401 1330 2464 pre

126 2494 294 2573 palpatione
315 2494 453 2561 derivata
476 2482 648 2573 (11616661,
645 2498 755 2575 aptior
779 2498 901 2570 videtur
932 2495 1120 2581 aquatilibus
1154 2492 1327 2579 denotandis

130 2619 226 2701 quarn
249 2602 348 2665 altera
373 2579 494 2694 lim,
514 2619 636 2681 quaea
662 2603 810 2666 calcando
832 2613 946 2666 terram
971 2604 1107 2687 deducta
1129 2613 1199 2678 666,
1227 2612 1257 2665 66
1275 2616 1327 2685 qua

131 2710 292 2773 terrestria
313 2697 437 2789 reptilia
458 2699 559 2772 Ι116666
581 2711 697 2773 indicat
717 2731 746 2773 v
772 2714 823 2792 21,
839 2713 888 2774 25
916 2713 982 2776 Vox
997 2713 1110 2828 ppp'p,
1117 2712 1178 2774 hoc
1201 2710 1296 2774 loco
1289 2727 1327 2768 rn-

46 2817 48 2820 ’
132 2818 216 2893 dicat
237 2819 340 2896 pisces
368 2823 400 2877 et
421 2817 543 2896 reptilia
563 2821 706 2898 aquatica
727 2837 783 2881 seu
808 2791 984 2901 amphibia,
1008 2838 1055 2904 66
1053 2829 1269 2908 probabililer
1288 2845 1334 2890 oe-

132 2932 208 2997 tera
206 2925 367 3004 aquatilia
387 2940 467 3004 quae
489 2940 551 2985 non
575 2935 649 2988 sunt
669 2928 826 3003 minimae
850 2934 948 3011 naulis
975 2944 1006 3006 66
1027 2945 1116 3002 motu
1130 2938 1231 3012 166611
1263 2955 1335 3016 geu·

133 3030 225 3098 61666.-
243 3030 334 3095 Huic
342 3031 438 3108 classi
456 3005 545 3119 ΥἹΨ
558 3034 744 3098 adnumerat
756 3037 881 3100 116666
873 3059 904 3102 66
918 3043 987 3105 hev.
1000 3052 1033 3118 66
1046 3045 1165 3113 1666666
1182 3047 1245 3123 6116
1256 3063 1336 3126 prae·

133 3145 218 3222 61166,
245 3145 343 3219 veluti
369 3149 529 3230 16666666,
552 3167 687 3225 6666666
700 3157 731 3213 66
748 3131 941 3231 papiliones,
965 3164 997 3222 66
1014 3172 1144 3219 minima
1166 3160 1335 3238 quadrupe

41 3277 43 3281 ’
132 3255 209 3316 dum
231 3271 312 3335 quae
336 3272 449 3335 parum
471 3267 594 3321 eterra
616 3240 777 3332 6166666666
797 3309 804 3340 ,
824 3263 1004 3330 ,cuiusmodi
1025 3274 1104 3331 sunt
1122 3268 1242 3346 talpae,
1270 3285 1336 3329 mu-

130 3360 251 3438 stelae,
276 3364 419 3427 6666661
442 3373 502 3436 666.
521 3367 781 3446 ‚quamvisjsint
797 3368 945 3432 animalia
966 3372 1101 3450 vivipare
1117 3389 1215 3453 66666,
1237 3391 1335 3439 maru·

130 3467 257 3550 malie(
274 3485 346 3534 nam
368 3471 591 3554 quadrupedes
613 3474 732 3555 6616661
752 3475 900 3547 etmodo
924 3479 1005 3546 16666
1029 3478 1152 3558 reptilia
1178 3483 1338 3546 ‹adnume-

131 3577 243 3653 rantur
265 3585 300 3638 ut
323 3597 409 3659 rana,
436 3582 571 3649 testudo.
599 3581 714 3644 lacerta
737 3589 797 3643 etc.
816 3581 838 3662 ).
861 3582 958 3660 lgitur
980 3603 1020 3646 ex
1041 3587 1088 3648 his
1110 3591 1262 3657 omnibus
1277 3592 1338 3652 ani·

133 3683 296 3763 malibus,
319 3702 356 3749 66
376 3704 458 3767 quac
478 3688 524 3748 vel
548 3690 696 3769 aquatilia
718 3692 858 3753 6666661
883 3694 1062 3784 amphibia,
1086 3696 1146 3758 hoc
1180 3700 1252 3760 loco
1275 3698 1334 3778 puss

132 3800 192 3863 6661
223 3810 359 3882 possunt
395 3806 619 3885 comprehendi
655 3805 708 3867 illa
746 3825 821 3871 voce
843 3792 943 3895 Y'llll.
976 3807 1060 3871 luter
1092 3811 1170 3873 haec
1200 3817 1283 3875 sunt
1316 3819 1344 3874 et

138 4077 142 4085 -
165 4049 180 4095 1
201 4047 311 4102 Hebraei
342 4052 485 4117 reptilibus
504 4049 662 4106 adscribunt
681 4054 783 4107 insecta
801 4055 909 4117 666616,
928 4064 955 4107 66
972 4055 1083 4108 minima
1113 4057 1321 4126 quadrupedum
1341 4094 1348 4121 ‚

129 4151 192 4210 pute
209 4159 320 4210 mures,
337 4149 445 4214 talpas,
463 4150 601 4214 mustelas,
615 4149 752 4214 hericios,
769 4160 796 4204 et
814 4153 837 4204 sl
856 4167 922 4220 quae
940 4163 1002 4229 6666
1021 4155 1074 4213 6116
1093 4146 1172 4219 buius
1191 4160 1341 4221 66666166.

130 4241 243 4293 bochart
259 4244 411 4296 Hiercror’c.
430 4248 459 4297 P.
479 4247 504 4297 1.
524 4246 553 4297 h.
573 4250 596 4297 1.
616 4247 701 4298 661.
720 4248 746 4300 li.

165 4336 183 4385 6
200 4339 261 4390 66.
279 4335 326 4401 xi,
346 4339 395 4404 66,
410 4339 453 4406 66,
473 4340 516 4393 66.
535 4343 579 4405 66,
598 4345 642 4408 66,
661 4343 848 4419 6666666.)
912 4337 914 4339 ’
