2970 5002
162 294 221 358 1⁶8

165 427 383 511 vegetantibus
395 425 563 506 accipiunt,
586 439 624 488 ea
644 440 709 489 nou
729 422 954 489 anta'editc'm
976 424 1081 490 lucem
1094 426 1202 502 luisse,
1220 427 1363 508 quamve·

56 551 60 558 ’
164 538 292 617 getulia,
312 534 482 616 quaeipsis
497 538 586 596 erant
598 531 631 613 in
642 531 927 607 escam‘destinata
942 533 1138 612 exsisterent,
1152 533 1291 612 satisque
1303 553 1360 598 cre-

165 645 286 709 uissent
319 660 356 704 ac
388 639 522 704 luissent
553 638 774 720 multiplicata.-
794 641 827 703 Si
859 658 898 703 ex
919 641 959 702 iis
980 656 1061 720 quae
1082 639 1289 704 observamus
1319 660 1364 704 re.

165 752 331 815 tiooinium
352 749 569 825 instituimus,
592 766 668 812 sane
688 751 844 812 immensa
864 749 920 810 illa
941 749 1031 828 copia
1053 732 1257 811 exsurierum
1279 767 1356 827 vega·

96 882 99 887 ’
165 859 312 923 trbilium
326 858 473 940 ,quibus
497 859 660 922 abundant
680 855 861 938 antiquiora
882 865 979 919 strata
994 857 1162 920 fossililera
1189 865 1222 918 et
1249 857 1355 921 diuitias

166 973 285 1045 augent
305 964 543 1046 opulentiorum
564 966 706 1044 gentium
724 1015 731 1042 ,
750 967 778 1027 si
791 983 863 1027 cum
877 965 1005 1027 relativa
1017 966 1204 1027 animalium
1218 965 1354 1027 lossiliun

164 1077 325 1154 paucitate
345 1083 565 1154 comparetur,
589 1089 647 1136 nos
668 1089 749 1152 pene
761 1073 844 1151 cogit
859 1078 896 1134 ut
907 1072 1136 1135 concludamus
1154 1073 1298 1153 ,plantas
1310 1075 1361 1133 irn-

129 1199 132 1237 1
165 1199 225 1263 per
249 1183 380 1260 longum
403 1183 557 1262 temporis
576 1181 779 1243 intervallum
801 1178 969 1253 exstitisse,
991 1185 1024 1242 et
1043 1179 1134 1241 valde
1149 1197 1247 1261 super
1263 1188 1355 1242 terren

164 1288 262 1352 fuisse
284 1288 659 1369 multiplicatas,quando
673 1286 818 1349 animalia
839 1287 872 1348 in
895 1288 999 1348 iucem
1020 1286 1104 1348 edita
1125 1293 1202 1349 sunt
1234 1294 1266 1348 et
1293 1285 1356 1367 mul·

132 1470 135 1476 .
166 1395 301 1476 tiplicari
322 1402 507 1475 coeperunt;
529 1394 715 1475 praesertim
737 1395 765 1456 si
788 1394 1027 1457 meminerimus
1053 1395 1287 1472 amplissimum
1300 1393 1354 1473 qui-

168 1500 242 1563 dem
262 1500 453 1582 aquatilibus
472 1501 685 1564 animantibus
698 1501 730 1562 in
744 1502 825 1564 mari
838 1501 975 1581 spatium
989 1508 1184 1580 eo‘tempore
1198 1498 1302 1576 luisse,
1313 1498 1354 1560 sed

166 1627 234 1674 non
253 1608 346 1674 valde
369 1617 535 1673 extensum
555 1609 758 1673 terrestribus
772 1609 889 1688 plantis
903 1625 1039 1689 quarum
1058 1609 1148 1670 locus
1161 1608 1195 1669 in
1207 1622 1354 1689 perrarum

117 1718 121 1723 ’
166 1719 532 1800 insularum-superficie
552 1719 785 1783 coarctabatur.
800 1717 936 1781 Maxime
949 1732 1025 1779 vero
1039 1715 1270 1778 advertendum
1283 1721 1353 1795 puto,

169 1827 216 1891 1.·
236 1833 334 1890 strata
357 1825 410 1888 illa
430 1843 513 1907 quae
536 1827 630 1890 nobis
650 1826 857 1901 obiiciuntur,
881 1826 913 1886 in
934 1825 1014 1886 mari
1036 1824 1171 1887 formata
1191 1823 1287 1891 luisse
1305 1871 1312 1898 ,
1330 1837 1360 1888 el

169 1952 234 2014 quo
254 1922 392 1996 marinos
413 1932 467 1994 illa
486 1934 590 1997 foetus
610 1933 732 1996 facilius
754 1933 952 2006 ostendunt,
976 1939 1118 1994 terrenos
1140 1946 1217 1993 vero
1240 1930 1356 1993 rariores

170 2043 353 2105 contineant
374 2058 503 2104 necesse
525 2047 585 2122 est,
608 2041 794 2121 praesertim
815 2041 854 2103 iis
877 2041 908 2102 in
931 2041 1009 2103 loeis
1030 2057 1124 2120 quae,
1139 2039 1235 2119 longe
1251 2036 1360 2102 tunceb

169 2151 283 2214 insulis
304 2152 427 2230 dissita,
441 2152 561 2213 marina
584 2151 759 2213 sedimento
781 2141 979 2240 receperunt:
995 2150 1044 2216 2?
1056 2165 1205 2226 magnam
1220 2145 1361 2226 vegetabi-

170 2260 251 2323 lium
275 2259 521 2323 substantiarum
542 2259 666 2339 copiam
687 2275 753 2322 non
775 2257 982 2322 nisi'iortuito
995 2256 1055 2319 sub
1068 2257 1160 2336 aquis
1176 2255 1302 2334 sepeliri
1317 2303 1324 2329 ,
1337 2258 1360 2312 et

169 2373 334 2448 praeterea
357 2370 523 2447 plerasque
547 2385 587 2430 ex
605 2366 655 2430 bia
675 2367 881 2448 substantiis,
903 2366 963 2429 nisi
984 2366 1047 2428 cito
1066 2366 1158 2426 terris
1183 2364 1365 2438 obruantur,-

171 2476 264 2538 lacile
284 2477 317 2538 in
337 2477 426 2556 aquis
447 2476 620 2557 corrumpi.
717 2495 721 2501 ·

65 2568 68 2573 ⁸
208 2569 338 2648 valll.
361 2585 410 2648 llli
431 2577 505 2647 vero
529 2586 584 2665 qui
604 2586 975 2667 asserunqveqetaottem
998 2594 1147 2651 naturam
1170 2593 1201 2650 et
1216 2583 1364 2650 animalem

168 2712 228 2757 uno
254 2678 388 2773 tempore
416 2695 626 2775 adparuisse,
662 2714 723 2759 nce
753 2698 845 2760 nobis
866 2697 1087 2760 contradicunt
1107 2714 1211 2778 neque
1233 2695 1367 2775 scriptu·-

168 2819 244 2879 rae,
268 2804 295 2864 si
316 2800 493 2878 intelligent
509 2853 516 2878 ,
532 2804 666 2883 'quando
690 2805 922 2885 imperfectiora
946 2805 1131 2883 vegetabilis
1155 2804 1361 2885 adparebrnt,

169 2917 246 2974 tune
266 2911 367 3003 editas
393 2911 489 2973 fuisse
515 2919 547 2973 et
571 2913 694 2976 infimas
718 2914 805 2992 regni
832 2915 977 2976 animalis
1002 2920 1184 2987 creaturas,
1208 2913 1277 2976 scil.
1294 2913 1364 2975 Zoc-

168 3019 267 3100 pbyta
294 3019 303 3101 (
330 3019 348 3098 fi
375 3017 489 3100 bxv-t.
512 3019 575 3082 Nc'c
595 3006 676 3082 forte
693 3021 774 3085 lllosi
796 3022 1015 3085 adversaretur
1040 3022 1094 3103 qui
1122 3022 1277 3101 erederet,
1302 3035 1365 3100 pau·

97 3154 99 3159 ·
169 3142 222 3188 cas
245 3127 398 3206 quasdam
424 3143 540 3207 eaeque
570 3126 748 3206 deperditas
769 3134 978 3192 testaceorum
999 3131 1144 3209 species,
1167 3127 1368 3206 familiamque

168 3240 202 3295 et
232 3233 334 3313 ipsam
358 3233 553 3314 deperditam
580 3233 826 3315 Trilobr'torum',
856 3236 1042 3316 antiquitate
1068 3236 1185 3316 plantis
1221 3251 1284 3297 non
1311 3245 1366 3294 esse

168 3341 320 3404 minores,
354 3341 422 3405 Non
443 3344 528 3403 enim
548 3342 712 3406 historiam
733 3343 927 3421 singularum
952 3345 1128 3423 specierum
1148 3350 1204 3406 aut
1230 3356 1366 3422 generum

165 3445 359 3524 singillatim,
372 3448 606 3527 sed'supremas
622 3448 792 3512 viventium
806 3450 933 3531 classes,
949 3451 1087 3528 generali
1106 3451 1244 3531 quadam
1260 3450 1365 3511 ratione

166 3552 284 3617 indicat
307 3553 421 3635 llloses,
433 3564 466 3618 et
479 3573 515 3619 eo
530 3564 651 3620 loetum
661 3558 806 3639 proponit
818 3576 895 3639 quoe
908 3560 941 3620 in
954 3559 1119 3639 manifesto
1132 3566 1298 3641 appareat.
1309 3558 1370 3620 ler-

164 3662 208 3724 tia
225 3661 277 3724 die
296 3660 370 3724 lecit
389 3661 473 3727 Deus
497 3680 629 3742 regnum
648 3650 870 3744 vegetandum:
888 3667 995 3746 quinta
1011 3668 1143 3729 classem
1163 3666 1328 3747 reptilium
1340 3685 1369 3727 a·

163 3771 343 3850 quatilium,
356 3788 436 3853 quae
449 3775 551 3854 pisces
572 3775 820 3856 comprehendit,
835 3785 867 3838 et
887 3775 1071 3853 volatilium;
1099 3779 1205 3838 nantia
1227 3772 1369 3840 nimirum

163 3886 258 3959 atque
279 3881 426 3945 volantia:
442 3891 530 3946 sexta
554 3866 684 3947 demum
706 3883 756 3946 die
777 3885 918 3966 repentia
939 3891 971 3947 et
991 3887 1165 3963 gradientia
1187 3903 1287 3966 super
1315 3893 1369 3948 ter*

166 4006 247 4050 ram.
262 3991 306 4051 De
321 3991 511 4068 quibusdam
535 3994 823 4073 exceptionibus,si
847 3992 906 4055 luit
928 3993 965 4054 iis
987 3993 1087 4072 locus,
1101 4011 1165 4058 non
1181 4001 1231 4057 est
1251 3995 1307 4057 ille
1321 3993 1375 4058 sol·

168 4095 303 4173 licitus,
322 4114 380 4160 nec
401 4107 437 4161 ut
460 4108 565 4176 esset,
588 4101 774 4164 necessitate
795 4103 861 4164 ulla
882 4103 1065 4181 urgebatur.
1088 4103 1240 4182 Adeoque
1265 4103 1293 4164 si
1313 4110 1380 4165 ente

165 4206 308 4284 quintam
332 4213 386 4268 aut
418 4213 490 4270 ante
518 4216 661 4288 quartam
690 4210 772 4271 diem
800 4227 917 4290 paucae
939 4213 1093 4291 quaedam
1120 4208 1223 4292 (quae
1245 4229 1264 4272 a
1288 4212 1378 4286 longo

164 4319 306 4393 tempore
331 4315 432 4379 virere
455 4310 636 4397 desierunt)
661 4320 781 4398 specics
803 4316 1071 4399 imperfectiorum
1093 4317 1309 4383 animantium
1330 4336 1380 4383 or·
