2984 5004
1317 312 1357 369 87

173 441 215 500 At
228 442 287 502 iam
302 444 341 504 de
359 445 462 524 primo
477 459 582 506 rerum
597 451 679 507 statu
694 444 832 508 situatis:
851 445 889 506 ad
904 440 1037 526 primam
1053 445 1137 507 diem
1152 444 1349 506 accedamus.

172 550 385 618 Quorumdam
400 553 506 632 opinio
521 554 578 616 suit
599 554 613 603 t
634 602 641 630 ,
664 552 798 632 primam
816 551 896 614 coeti
917 561 949 613 et
970 553 1275 614 terraecreationom
1297 560 1351 614 aut
1414 527 1426 548 ⁰

134 655 246 717 saitem
268 675 373 721 rerum
396 667 512 724 statum
531 680 558 724 v.
571 663 603 724 2.
629 662 836 740 descriptum,
856 661 895 721 ad
908 662 1054 739 primum
1070 661 1154 721 diem
1167 661 1197 720 in
1212 677 1277 738 quo
1298 677 1354 738 po-

132 771 198 824 stea
219 765 276 824 lox
298 768 455 845 adparuit,
469 770 638 848 pertinere.
651 768 768 830 Verum
783 767 833 829 hic
853 766 931 841 dies,
945 767 999 827 aiii
1019 766 1199 842 observant,
1226 768 1349 828 videtur

132 870 325 947 probabilius
345 875 476 955 incipire
497 895 516 938 a
536 877 642 939 divino
659 875 808 937 mandato
825 873 880 953 (Et
903 873 989 936 dixit
1009 875 1107 936 Deus:
1122 875 1165 937 sit
1188 873 1276 953 lucr),
1289 891 1354 936 non

132 995 223 1041 secus
243 998 280 1042 ac
294 980 359 1045 Deo
371 984 498 1047 iubente
513 985 636 1048 initium
650 984 769 1045 trabunt
779 985 920 1064 quinque
935 985 1125 1063 posteriores
1147 983 1225 1045 dies.
1251 983 1347 1044 Prae-

133 1091 227 1160 terea,
247 1105 320 1149 eum
334 1089 400 1153 dies
415 1090 456 1151 sit
471 1090 531 1152 tuae
552 1089 605 1170 (v.
627 1092 657 1152 5.
674 1089 695 1167 ),
719 1107 783 1152 non
806 1091 929 1152 videtur
944 1090 1006 1150 diei
1030 1107 1102 1170 pars
1122 1095 1194 1150 ante
1209 1089 1345 1167 primam

132 1191 237 1255 iucem
258 1213 327 1257 esse
349 1198 505 1274 ponenda.
528 1199 618 1260 Certe
641 1200 742 1277 prima
772 1199 887 1259 creatio
908 1199 992 1259 diem
1013 1213 1141 1259 omnem
1164 1195 1346 1275 praecessit.

132 1299 250 1363 Tamen
271 1284 583 1368 animadvertendum
597 1305 721 1383 est‚vix
749 1306 867 1385 aliquid
882 1308 1042 1380 interesse,
1068 1307 1094 1365 si
1117 1303 1161 1364 ilii
1184 1303 1251 1363 dies
1273 1309 1349 1364 sunt

130 1409 364 1472 indeterminati
387 1415 537 1492 temporis
561 1414 695 1492 periodi,
712 1423 818 1475 utrum
840 1412 965 1490 longior
986 1413 1040 1474 frat
1061 1412 1162 1492 prima
1184 1410 1345 1492 periodus,

131 1516 159 1575 ei
182 1517 327 1581 addendo
351 1529 476 1599 tempus
490 1521 682 1599 praecedens
697 1521 949 1599 primordialium
963 1518 1177 1596 tenebrarum,
1202 1528 1256 1579 aut
1270 1534 1344 1579 con·

132 1631 180 1683 tra
205 1623 259 1686 fiat
280 1625 415 1703 brevior,
429 1635 461 1689 et
482 1628 528 1690 illi
541 1636 755 1708 praeponatur
767 1628 827 1689 atio
843 1628 991 1709 periodus
1006 1627 1169 1690 tenebrosa
1192 1624 1278 1687 omni
1294 1624 1344 1685 dio

133 1732 280 1794 anterior.

170 4104 182 4152 t
203 4104 233 4153 tn
251 4099 398 4168 apocrypho
410 4101 440 4151 L.
454 4098 550 4154 Esdraa
566 4103 607 4153 tv.
626 4103 655 4152 C.
674 4103 719 4163 vl,
738 4099 772 4152 38
790 4107 840 4153 est.
861 4105 910 4152 «0
929 4101 1049 4165 Domine,
1070 4101 1180 4166 loqueos
1201 4098 1307 4150 locutus
1320 4115 1348 4151 es

137 4199 169 4250 ab
187 4202 262 4251 initio
280 4209 433 4260 rreatnrue,
453 4199 479 4250 in
498 4199 583 4265 primo
601 4197 642 4251 dio
662 4197 772 4254 dicens.
791 4198 855 4253 Fiat
873 4200 974 4255 coetum
991 4207 1017 4255 tt
1054 4209 1135 4254 terro:
1155 4207 1180 4253 rt
1201 4208 1278 4253 tuum
1298 4210 1353 4249 ror·

138 4295 201 4348 hum
219 4312 286 4363 opus
304 4297 457 4362 perfectum.
