2970 5002
1310 329 1369 389 lot

154 454 225 536 los,
249 463 363 521 terram
386 443 425 522 ει
438 461 547 540 mario,
570 463 656 541 quod
676 468 722 523 est
744 460 775 522 in
797 463 901 522 oninia
916 474 1135 542 quantumque
1156 457 1313 526 exsistunt
1333 462 1367 524 in

154 566 276 643 spatio,
300 567 447 646 imposita
466 567 506 629 ab
530 568 602 648 lpso
622 569 750 631 norrrina
773 567 902 644 coelom,
929 573 1016 629 terro
1037 575 1067 630 ει
1088 569 1192 630 mario
1212 586 1369 632 common-

152 677 269 733 strant.
288 674 369 736 Turre
393 682 440 737 est
462 675 540 754 dies,
557 683 586 738 ει
610 683 664 738 tan
680 683 727 738 est
741 668 817 738 noar.
834 673 886 736 Ps.
903 673 1032 752 exiliit,
1050 676 1101 737 ld.
1119 677 1175 738 Tui
1188 674 1366 752 seniorali,

151 786 183 839 et
204 788 260 840 tao
281 791 327 844 est
350 781 476 848 terras]
501 785 588 846 More
611 791 647 845 tu
666 785 784 846 creasti
803 783 855 844 Ps.
880 781 1065 860 lxxxviii,
1088 784 1138 844 12.
1161 800 1163 805 ·
1263 828 1265 832 -

196 892 309 955 Mirum
323 898 370 954 est
381 901 413 954 et
426 893 511 974 apud
529 893 678 972 melanos
693 891 878 953 nieutoriant
893 892 932 952 de
946 891 1127 954 nominihus
1142 891 1201 952 diei
1217 892 1366 971 noetique

149 1002 300 1064 divinitus
315 991 470 1080 impositis
485 1000 624 1079 reperiri.
641 1000 772 1062 Procius
793 999 944 1080 enimait,
962 1000 1046 1061 diem
1071 1009 1260 1079 noctemque
1280 998 1363 1062 Deos

147 1127 230 1182 esse,
248 1127 379 1190 quorum
397 1107 525 1169 aaaron
539 1125 558 1167 o
573 1107 643 1168 Diis
666 1107 744 1186 ipsis
756 1107 941 1187 occepimus.
968 1107 1059 1168 Putat
1079 1107 1299 1180 Menouthias,
1325 1123 1365 1167 ex

150 1217 212 1279 hue
233 1219 305 1278 luco
320 1217 477 1278 Geneseos
492 1215 524 1275 id
552 1215 692 1277 hausisse
706 1215 864 1294 Pretium,
878 1215 927 1276 vel
944 1232 1020 1277 eum.
1033 1223 1144 1277 eertea
1157 1231 1221 1296 quo
1236 1215 1268 1275 id
1280 1214 1359 1277 Pro-

152 1326 372 1404 eluseceepit.
387 1325 721 1405 Proeloantiquiorem
746 1324 949 1402 Frontonem,
965 1323 1004 1386 lt.
1030 1324 1148 1386 Aurelii
1172 1329 1361 1403 praesepto·

145 1451 225 1518 rem,
242 1433 390 1497 deFerr'is
411 1430 606 1499 Alsiensibus
618 1434 676 1514 Ep.
690 1433 731 1497 ill
752 1433 856 1496 videre
873 1430 1076 1495 Mazzoeehio¹
1088 1450 1151 1496 non
1179 1432 1276 1493 linuit:
1302 1431 1360 1493 ad-

150 1548 213 1611 hue
240 1544 324 1606 eninr
346 1543 515 1607 Frontonis
539 1545 654 1623 scripta
676 1544 707 1604 in
728 1542 934 1605 Ambrosiana
961 1540 1149 1603 bibliotheca
1173 1541 1311 1603 latebant
1330 1542 1356 1596 1:

149 1653 197 1716 En
212 1654 281 1713 eius
296 1651 389 1712 verba
399 1651 439 1712 ad
452 1669 519 1712 rem
534 1661 685 1714 nostram.
706 1670 720 1707 a
734 1649 839 1711 lovem
853 1647 978 1710 Patrem
993 1646 1112 1723 ferunt,
1128 1662 1201 1708 curn
1224 1665 1273 1709 res
1296 1650 1360 1714 liu-

148 1783 165 1823 u
187 1777 328 1822 manase
343 1759 518 1838 primordio
533 1759 693 1834 conderet,
720 1773 832 1820 aevum
855 1756 884 1816 vi
905 1755 1045 1817 medium
1067 1770 1135 1815 uno
1155 1753 1222 1816 ictu
1232 1744 1362 1834 pereus-

149 1889 168 1930 ε
192 1885 263 1931 surn
286 1866 318 1928 in
339 1867 418 1928 duas
441 1866 539 1946 partis
560 1866 699 1945 undique
711 1865 795 1945 paris
819 1861 978 1926 diffidisse:
1002 1868 1124 1940 partein
1146 1861 1276 1924 alteram
1301 1863 1354 1926 lu-

116 2023 120 2028 .
147 1999 170 2036 a
192 1995 240 2057 ee,
264 1979 397 2038 alteram
422 1976 559 2037 tenebris
579 1975 733 2036 emisisse:
760 1973 839 2036 diam
852 1980 1029 2054 noetemque
1041 1970 1227 2052 appellasse:
1251 1972 1358 2036 nonti-

149 2108 164 2145 n
188 2103 250 2166 que
264 2086 377 2163 udum,
392 2084 453 2145 diei
466 2085 629 2160 negotium
651 2082 816 2143 tradidisse
838 2100 867 2142 »a
1010 2079 1013 2084 ’

146 2211 151 2219 ·
182 2197 368 2270 Fortunaque
381 2199 427 2252 est
442 2207 570 2268 vespere
591 2197 620 2250 ει
643 2206 743 2250 neone.
760 2188 812 2266 (Et
826 2188 892 2266 fuitv
909 2206 1010 2251 εεεεε.
1032 2190 1142 2270 Heba.)
1171 2192 1237 2254 dtas
1263 2209 1355 2254 troes.

143 2300 235 2373 Quod
249 2300 370 2378 primus
383 2298 434 2358 hie
447 2297 525 2371 dies,
539 2313 600 2358 non
611 2297 735 2376 mineus
757 2296 814 2358 sed
832 2314 910 2359 unus
926 2296 1288 2378 nominata-amyotam
1303 2317 1358 2361 ne-

142 2407 210 2469 seio
225 2407 300 2486 quid
316 2413 347 2466 et
360 2421 511 2466 areanum
536 2405 678 2466 redolere
699 2407 801 2466 visum
823 2414 871 2466 ast
890 2405 1025 2481 Philoni,
1045 2405 1184 2485 Origeni,
1212 2407 1350 2483 Basilio,

142 2513 482 2591 Caesariatneoopto,
497 2512 640 2592 aliisque;
665 2521 696 2574 at
718 2513 920 2592 perspicuum
941 2514 1065 2576 videtur
1081 2514 1282 2580 tribuendum
1295 2517 1356 2580 hoe

139 2624 245 2704 potius
260 2623 383 2684 cuidem
396 2621 558 2683 hebraicae
573 2620 699 2698 linguae
712 2622 894 2700 proprietati
909 2639 971 2700 que
989 2622 1034 2697 tlt,
1054 2633 1087 2682 ut
1106 2625 1279 2688 cardinales
1294 2645 1353 2688 nu-

137 2733 217 2794 meri
231 2749 288 2811 pro
302 2730 499 2802 ordinalibus
510 2729 690 2808 lrequenter
702 2727 960 2807 usurparentur
971 2730 1125 2808 Genl'lll,
1140 2732 1167 2808 5,
1185 2731 1276 2794 Num.
1295 2732 1352 2808 l‚1.

140 2841 258 2920 hebr).
272 2840 306 2900 lu
319 2841 406 2901 Novo
421 2839 621 2899 testamento
635 2854 732 2916 quant
746 2825 920 2899 Matthaeus
934 2838 1092 2916 xxviiia
1106 2849 1196 2903 vocat
1213 2843 1352 2922 pruinam

137 2947 277 3024 suntote
292 2948 434 3020 loannes,
449 2944 519 3005 XX.
537 2944 566 3022 l,
579 2943 720 3005 nominet
737 2961 832 3006 uonna
842 2943 981 3008 subdoli.
1007 2966 1011 2973 ’

178 3057 243 3118 Ηεε
267 3075 295 3115 ν.
318 3056 347 3114 5..
366 3059 479 3133 putant
501 3050 629 3130 plurimi
640 3052 830 3114 vocabulum
840 3052 906 3116 dies
921 3054 1081 3135 duplieern
1102 3057 1346 3122 sensumlrahe-

135 3181 168 3224 re
185 3163 365 3244 (appellavit
379 3162 459 3223 diem
472 3160 576 3222 lucem
649 3160 716 3223 dies
731 3158 839 3238 unus),
855 3177 969 3240 nempe
984 3165 1042 3223 1.m
1055 3160 1208 3242 temporis
1223 3165 1303 3224 lueis
1315 3170 1348 3224 et

134 3273 195 3330 21¹1
209 3269 272 3330 diei
283 3268 389 3330 curilis
401 3285 440 3328 ex
454 3266 504 3328 die
518 3274 548 3327 et
563 3272 654 3328 noete
666 3264 804 3329 contleti.
820 3265 927 3328 Versio
940 3267 1060 3346 syriace
1080 3269 1209 3331 duabus
1216 3270 1348 3331 diversis

133 3378 264 3439 roribus
288 3377 389 3438 utitur
408 3389 503 3454 quam
527 3391 605 3450 rem,
632 3373 829 3451 diligentiam
847 3375 1012 3453 seripturis
1037 3375 1181 3455 laudans,
1209 3378 1343 3441 noteth.

135 3488 235 3550 ilirzel
253 3486 282 3545 2.
302 3486 369 3556 ‚Sed
382 3503 453 3545 vere
465 3485 526 3545 hoe
544 3483 620 3544 mihi
631 3499 694 3545 non
707 3483 829 3544 videtur
840 3484 1172 3565 necessariumpotius
1185 3485 1264 3547 illud
1276 3505 1350 3565 pro-

134 3598 269 3660 babilius
282 3595 418 3671 'eredam;
433 3611 504 3655 euin
526 3593 628 3665 Moses
647 3591 827 3652 immediate
842 3599 914 3653 ante
939 3592 1015 3654 haee
1029 3595 1133 3656 verba¹
1148 3595 1271 3668 dixerit,
1287 3614 1347 3672 ap-

132 3707 282 3786 pellatam
296 3704 390 3775 alteo
406 3704 504 3768 turem
517 3702 607 3771 Diem
617 3749 634 3792 ,ι
644 3700 730 3781 quod
758 3707 806 3763 est
820 3719 930 3765 rerum
955 3703 1041 3768 Diem
1057 3721 1124 3767 esse
1149 3705 1254 3782 ipsum
1268 3703 1347 3764 lueis

139 4096 142 4101 .
165 4050 180 4099 1
200 4048 275 4103 Unde
294 4045 376 4099 multa
394 4045 535 4104 Frontonis
553 4047 634 4107 traxit
661 4054 693 4119 et
717 4043 806 4109 edidit„
818 4046 852 4098 el.
872 4042 1084 4113 ingelheim,
1115 4055 1194 4103 nuuc.
1214 4045 1240 4102 S·
1261 4045 1295 4101 a.
1313 4045 1345 4097 u.

127 4145 299 4208 Cardinalis,
322 4145 362 4196 vir
381 4141 413 4195 do
432 4158 461 4195 re
481 4143 596 4196 literaria
615 4145 714 4212 optime
733 4144 853 4196 meritus.

163 4243 181 4294 2
199 4245 238 4297 De
257 4245 366 4297 Ρεηιαι.
390 4244 461 4300 Vere.
481 4245 544 4310 Spr.
563 4243 667 4311 Lipsiae
686 4242 761 4294 1825.
782 4258 807 4309 p.
827 4243 870 4295 63.
912 4296 917 4305 ,
