2970 5002
1248 265 1307 327 tva

125 404 241 474 -txxlt
264 403 375 469 Plures
399 403 580 484 Scripturas
603 401 971 482 interpretasputarunt,
995 401 1100 464 omnia
1114 400 1303 466 animaliaa

113 515 242 594 »rincipio
256 512 423 575 barbivora
439 509 548 592 luisse,
563 517 596 572 et
609 527 649 573 ex
661 509 799 572 hominis
814 507 1028 570 inobedientia
1040 509 1156 572 lactum
1172 529 1252 587 ease,
1269 522 1304 575 ut

114 623 148 685 lia
161 624 231 684 aliis
241 637 327 684 nunc
340 621 404 682 sint
419 621 450 681 in
464 621 581 682 cibum.
597 618 668 683 Non
683 618 776 697 pauni
791 625 897 679 tamen
911 625 1021 679 contra
1035 619 1303 694 sentiebant,utA

113 733 202 813 apide
214 739 246 793 et
261 729 447 811 praesertim
459 727 491 790 S.
506 726 641 791 Thomas
653 722 681 807 1,
696 726 751 808 qui
765 733 923 787 assertum
938 725 999 787 boc
1009 725 1087 788 dicit
1100 743 1169 790 esse
1181 732 1303 792 omnino

113 838 316 905 rvntiouulrila.
332 837 498 917 Neminem
521 843 600 916 puto
616 851 700 897 nnnc
713 834 752 895 de
776 833 832 895 illa
846 831 905 894 sibi
921 834 1073 912 opinione
1088 837 1224 916 placere,
1240 840 1296 918 qui

113 955 219 1011 laturae
231 943 344 1010 studiis
359 946 400 1008 sit
414 945 463 1007 val
480 945 593 1007 levites
606 945 758 1009 imbutus.
774 944 941 1009 Carnivnra
957 966 975 1010 a
990 949 1137 1021 Crantore
1150 951 1191 1012 ad
1206 966 1303 1027 prae-

113 1054 163 1120 lam
174 1073 244 1120 essa
257 1054 393 1119 formata
408 1061 504 1133 atqua
516 1053 557 1115 ad
570 1053 739 1115 animalem
752 1054 872 1128 cibum,
888 1040 1012 1118 constat
1026 1074 1065 1118 ex
1079 1058 1235 1134 dantium,
1249 1059 1301 1119 di-

113 1136 492 1240 itnrunaarticulatorum,
507 1168 539 1222 et
553 1161 650 1223 totins
673 1160 816 1240 corporis
842 1169 1020 1225 structura:
1048 1173 1248 1244 quapropter
1273 1169 1301 1227 si

112 1271 294 1335 ‹erbivorum
309 1269 434 1331 animal
458 1268 491 1329 in
515 1267 717 1329 carnivorum
742 1275 929 1345 verteretur,
947 1275 1013 1332 tota
1027 1271 1095 1332 eius
1121 1280 1299 1337 mutaretur

112 1389 200 1458 arma,
210 1392 349 1457 veraque
363 1373 628 1454 metamorphosis
642 1372 742 1436 lieret.
759 1374 822 1438 Leo
837 1385 921 1437 certe
931 1384 987 1437 aut
1000 1376 1088 1452 iales,
1106 1380 1132 1439 si
1146 1381 1256 1443 dentes
1268 1391 1301 1442 et

114 1486 222 1565 opulas
234 1501 293 1547 nec
305 1500 370 1547 non
382 1483 567 1546 instinctum
581 1489 613 1544 et
634 1498 740 1545 moras
762 1484 894 1546 omnino
919 1493 1096 1561 mutarent,
1111 1487 1199 1567 sique
1212 1506 1302 1567 prae·

112 1594 196 1657 ertim
211 1592 331 1657 collum
345 1607 474 1673 quoque
489 1592 631 1671 ipsorum
646 1598 679 1652 et
694 1608 786 1652 crura
801 1592 945 1668 longior-a
961 1593 1081 1670 flerent,
1097 1597 1157 1658 alin
1170 1600 1300 1661 omnino

112 1703 193 1761 nent
205 1694 362 1763 animalia.
377 1693 543 1758 Praeterea
557 1697 650 1754 certis
662 1700 786 1755 constat
798 1695 1083 1776 observationibus,
1099 1696 1194 1760 luisse
1205 1701 1300 1762 etiam

112 1824 115 1863 ι
128 1804 334 1886 praecedenti
347 1801 479 1885 periodo
495 1810 564 1865 tum
578 1801 702 1882 reptilia
712 1803 873 1885 aquatilia,
893 1812 960 1865 tum
976 1806 1126 1884 volatilia,
1141 1826 1222 1887 quae
1243 1828 1301 1868 ve-

112 1914 216 1977 ttionc
228 1920 262 1975 et
275 1911 371 1975 caede
384 1911 519 1974 aliorum
533 1911 761 1987 animantium,
778 1913 873 1972 etiam
887 1929 904 1972 e
917 1915 1046 1992 proprio
1061 1932 1186 1992 genere,
1204 1917 1303 1981 vitam

111 2027 219 2087 erent.
230 2016 282 2085 Nil
305 2035 381 2099 ergo
398 2026 483 2080 vetat
507 2021 677 2098 quominus
692 2019 786 2079 etiam
799 2020 955 2080 terrestria
978 2023 1139 2083 carnivora
1163 2025 1304 2086 antelio-

112 2129 181 2195 inis
194 2134 302 2190 ortam
323 2134 355 2188 et
369 2132 533 2206 peccatum
547 2125 675 2187 inerint.
690 2124 741 2186 llli
754 2125 916 2188 doctrinae
928 2126 1010 2188 duae
1023 2145 1086 2206 res,
1099 2136 1135 2190 ut
1146 2138 1235 2209 puto,
1248 2150 1304 2195 oc·

111 2239 252 2302 taionem
264 2237 489 2317 praebuerunt.
505 2234 611 2298 Primo
624 2233 772 2309 brevitas,
790 2236 837 2297 uti
850 2251 887 2296 ea
909 2239 1156 2316 supponebatur,
1175 2240 1304 2305 illorum

115 2358 229 2419 erum;
242 2350 275 2404 at
287 2359 362 2406 sane
374 2343 402 2404 si
413 2342 649 2406 concluduntur
665 2342 695 2403 lri
708 2342 775 2403 dies
791 2344 893 2422 spatio
907 2345 948 2405 bt
961 2346 1122 2421 horarum,
1136 2350 1306 2426 oportebat

111 2453 233 2534 mnino,
247 2451 350 2515 Deum
373 2451 609 2533 quamplurima
632 2450 804 2514 multarum
822 2457 999 2532 specierum
1011 2455 1169 2519 individua
1184 2475 1306 2529 creare,

111 2582 150 2630 >n
167 2569 397 2626 clarescerent
411 2579 448 2624 ac
461 2561 764 2642 multiplicarentur,
780 2562 837 2624 sed
850 2569 971 2624 tantum
983 2571 1017 2626 nt
1030 2567 1172 2628 rabidam
1187 2567 1304 2631 famem

111 2687 232 2751 onum,
248 2670 411 2751 tigridum,
427 2651 665 2751 pantherarum,
682 2670 851 2750 luporum,
867 2687 1004 2749 canum,
1021 2673 1216 2755 aliarumque
1242 2678 1307 2739 hu-

116 2778 228 2842 smodi
243 2778 394 2856 ferarum,
409 2779 515 2842 statim
531 2797 549 2841 a
564 2779 675 2859 primis
686 2778 749 2840 illis
765 2780 962 2859 temporibus
973 2790 1203 2846 exsaturarent:
1218 2786 1307 2865 quod

110 2897 173 2952 arte
186 2887 360 2951 verisimile
385 2905 449 2952 uon
463 2896 523 2950 est.
537 2886 601 2951 Nos
625 2888 783 2968 potiuscx
805 2895 917 2949 natura
932 2889 1092 2970 ferarum,
1116 2911 1196 2972 qnae
1222 2894 1307 2956 ferae

110 3013 216 3077 smper
230 2995 359 3059 luerunt
379 2992 522 3078 quasque
529 2976 671 3076 ¹aliquam
686 2995 806 3067 formae
821 2998 1030 3078 mutationem
1045 3017 1154 3079 passas
1169 3017 1239 3064 esse
1251 3021 1307 3065 ne-

110 3123 140 3169 ro
154 3122 240 3167 unus
252 3112 396 3182 testatur,
406 3122 469 3168 non
481 3104 676 3168 imbecillum
689 3113 910 3181 argumentum
923 3115 1031 3169 contra
1044 3110 1306 3175 illorumdierum

110 3213 274 3276 revitatem
291 3213 455 3276 instituere
481 3231 664 3297 possumus.
681 3214 825 3275 Alterum
848 3233 885 3276 ac
900 3217 1105 3296 praecipuum
1121 3220 1203 3282 illius
1233 3224 1306 3301 opi-

109 3317 192 3382 ionis
206 3319 448 3383 fundamentum
460 3326 535 3383 sunt
548 3323 642 3384 verba
650 3321 709 3411 Dei
725 3322 1031 3402 admoto-parentes
1042 3343 1089 3387 vv.
1102 3327 1206 3406 29,30:
1221 3328 1305 3391 «Ec-

122 3443 159 3489 ce
170 3426 245 3491 dedi
272 3426 342 3510 (seu
353 3429 403 3509 do)
420 3429 509 3493 vobis
521 3446 650 3494 omnem
670 3430 838 3492 herbam...
854 3441 886 3492 et
900 3432 1043 3494 universa
1059 3434 1178 3512 ligna...
1195 3442 1308 3523 utsint

120 3537 213 3601 vobis
227 3537 260 3600 in
274 3552 391 3602 escam:
405 3546 437 3601 et
452 3540 574 3605 cunctis
586 3540 800 3602 animantibus
814 3548 925 3618 terrae,
939 3542 1090 3621 omnique
1103 3545 1221 3608 volucri
1236 3547 1308 3628 lvo·
1405 3554 1408 3558 “

124 3727 244 3782 vantium
262 3730 469 3798 generationes,
488 3739 516 3788 et
532 3748 562 3787 eo
580 3733 669 3800 magis
689 3735 805 3789 animala
822 3750 935 3808 reguum
946 3742 1081 3807 praesenti
1095 3748 1167 3794 statu
1182 3740 1312 3805 (limosae,

124 3831 156 3879 ut
172 3831 258 3879 strata
275 3840 342 3894 quae
359 3827 436 3882 ilsrns
453 3837 547 3897 tegunt
564 3817 711 3897 exsuvias,
731 3833 881 3900 antiquiora
898 3843 985 3900 sunt,
1010 3843 1037 3891 et
1054 3852 1068 3891 e
1085 3851 1219 3915 converso.
1241 3844 1310 3894 llaec

124 3928 168 3975 est
184 3919 272 3977 veluti
286 3923 384 3978 ultima
401 3925 538 3978 conclusio
555 3935 662 3981 nostrae
680 3927 793 3982 recentis
810 3936 838 3981 at
853 3935 942 3983 tamen
961 3932 1028 3986 satis
1045 3942 1165 3989 maturae
1178 3933 1308 3989 scientiae

125 4016 300 4085 gaologlcsea
321 4030 348 4075 et
366 4023 535 4084 (mirandam
546 4026 573 4089 l)
592 4027 662 4082 lacta
676 4065 685 4094 ‚
701 4044 770 4097 quae
787 4045 836 4085 nos
854 4029 980 4085 hodierna
1008 4029 1084 4085 docet
1102 4030 1234 4095 scientia,
1253 4034 1302 4085 ali-

112 4127 178 4185 „quo
196 4112 275 4167 modo
292 4116 448 4184 consignata
466 4119 635 4176 inveniuntur
654 4123 682 4178 in
700 4123 830 4180 librorum
859 4128 946 4195 primo
976 4134 1003 4182 et
1032 4127 1228 4196 antiquissimo.
1251 4127 1302 4188 Qui

120 4221 272 4265 consensus
289 4215 316 4263 et
333 4208 396 4265 libri
415 4217 551 4269 veracitati
564 4224 589 4270 et
601 4216 814 4282 observationum
826 4221 949 4283 fidelitati
964 4224 1147 4278 testimonium
1158 4221 1256 4276 reddit.
1272 4237 1287 4270 n

118 4309 135 4362 t
157 4302 229 4361 thid.
248 4318 276 4374 q·
296 4304 388 4366 cxvi.
407 4322 446 4364 ar.
467 4311 492 4363 t.
512 4308 545 4367 all
563 4309 590 4367 2.
1100 4381 1138 4441 12
