2970 5002
131 298 171 359 80

134 432 263 512 negabit
274 431 429 513 Spiritum
446 430 504 492 Dei
517 428 641 493 tertiam
654 427 811 490 Trinitatis
825 443 993 508 personam
1016 426 1136 509 optime
1156 424 1336 508 significare.

61 574 69 589 ι
133 541 212 604 Cum
226 541 417 618 Hieronymo
432 537 492 599 dlci
507 543 622 617 potest:
636 539 719 598 Deua
732 537 836 612 Pater,
853 536 904 599 cui
932 537 1167 617 omnipotentia
1182 538 1335 613 tribuitur,

131 651 163 710 iu
174 647 334 728 principio
349 663 463 725 nempe
476 646 509 707 in
524 644 616 724 l'ilio,
631 646 681 707 aui
696 644 845 707 tribuitur
868 644 1023 725 sapientia
1038 651 1071 707 et
1097 646 1214 726 inquo
1235 647 1334 709 omnia

82 808 88 817 ,
131 756 309 831 factasunt,
325 755 439 817 creavit
452 753 578 817 coelum
593 760 624 815 at
640 761 768 831 terram,
782 771 864 834 quaa
883 754 1024 834 Spiritus
1043 753 1197 829 Sanctus,
1212 754 1268 818 eui
1289 754 1337 816 tri·

131 862 240 925 buitur
254 862 401 942 charitas,
414 869 557 924 amanter
570 860 706 941 fovebat,
722 866 758 922 ut
770 869 883 923 cuncta
898 866 1001 922 ereata
1014 858 1243 923 foecundaret.

167 968 773 1049 Attamenatlricdicoquodoccasiono
797 969 966 1031 verborum
991 968 1212 1048 lnprr'naipio
1239 967 1337 1050 paullo

129 1083 201 1137 ante
213 1076 354 1138 dicebam
371 1076 410 1156 (ᾗ.
423 1074 530 1156 XXll).
547 1075 604 1138 Est
614 1075 743 1155 quidam
755 1074 832 1137 haec
844 1074 1061 1154 interpretatio
1085 1082 1275 1137 reverenter
1287 1092 1333 1137 ex·

129 1183 283 1263 cipienda,
300 1183 375 1244 satis
394 1182 532 1245 stabilita
547 1181 863 1246 etcommendatioue
877 1181 1061 1259 dignissima
1077 1199 1083 1239 ε
1101 1198 1218 1243 verum
1241 1184 1333 1262 potiar

129 1293 294 1372 spiritalis,
310 1292 343 1352 ni
356 1290 458 1367 fallor,
476 1297 524 1352 est
540 1306 635 1370 quam
650 1307 723 1351 vere
737 1289 893 1352 litteralis.
909 1286 978 1351 Non
988 1286 1079 1349 lacile
1091 1287 1291 1351 credendum
1301 1289 1337 1349 ai·

135 1401 241 1478 detur,
252 1398 372 1475 blesen,
387 1398 440 1477 qui
455 1415 518 1460 non
534 1397 712 1476 sapientum
727 1397 858 1460 auribus
870 1395 1031 1458 recondita
1049 1402 1082 1457 et
1095 1395 1248 1459 abstrusa
1261 1412 1334 1459 ronr-

130 1507 286 1584 mittebat,
304 1507 359 1569 sed
374 1506 516 1570 adradis
541 1505 717 1588 habetisque
738 1505 850 1588 populi
870 1511 995 1585 captum
1016 1504 1117 1572 verta
1141 1520 1205 1568 aua
1225 1512 1332 1569 rentur

134 1618 260 1699 tiaeque¹
283 1615 485 1696 temperabat,
508 1624 544 1678 ut
563 1617 608 1678 ait
633 1614 790 1694 Patavinis,
805 1614 944 1678 voluisse
970 1615 1200 1677 tantummodo
1225 1613 1332 1677 tertiam

133 1725 355 1788 Sanctissimae
367 1724 525 1786 Trinitatis
540 1725 709 1787 Personam
723 1725 826 1787 verbis
841 1723 903 1786 illis
928 1723 1079 1804 iudicare,
1094 1731 1128 1785 et
1157 1740 1227 1786 nou
1253 1724 1331 1784 etiam

136 1835 255 1916 aliquid
267 1834 442 1924 materiale,
455 1835 543 1913 quod
557 1834 680 1897 leeilius
700 1841 733 1897 et
747 1834 853 1898 solum
877 1851 896 1895 a
920 1831 1126 1896 multitudine
1152 1830 1331 1894 ludaeorum

133 1945 238 2025 aliquo
253 1945 350 2006 modo
363 1944 493 2020 intelligi
506 1951 627 2023 posset,
643 1942 791 2023 quodque
803 1942 844 2004 ab
860 1941 929 2004 aliis
945 1940 985 2003 da
999 1940 1118 2020 quibus
1129 1940 1232 2003 modo
1245 1952 1331 2001 seruo

133 2057 190 2127 est,
208 2051 308 2126 coelo,
329 2056 420 2126 terra,
438 2049 563 2129 abysso,
576 2066 668 2129 aqua,
684 2048 822 2112 tenebris
837 2055 868 2110 et
883 2049 955 2110 luca
969 2063 1033 2111 nou
1046 2046 1191 2110 maxime
1204 2048 1329 2112 distaret.

137 2158 204 2222 lloe
219 2158 362 2221 effetum:
379 2160 421 2221 Et
434 2159 569 2238 spiritus
583 2158 642 2221 Dei
660 2174 784 2220 mouens
799 2174 894 2238 super
903 2155 1016 2236 faeiem
1029 2172 1193 2237 aquarum
1215 2170 1331 2239 respou-

135 2269 210 2330 dere
225 2269 331 2349 aliquo
345 2270 442 2331 modo
455 2268 579 2331 videtur
593 2267 801 2331 antecedenti:
811 2268 854 2329 Et
869 2265 1015 2329 tenebrae
1025 2282 1122 2345 super
1135 2265 1332 2346 saciemalpa·

128 2377 179 2438 si:
195 2376 343 2456 tenebris,
359 2377 482 2440 scilicet
503 2362 672 2456 privationi
694 2391 865 2456 corporeae
890 2373 982 2454 lucis,
1007 2373 1130 2455 aliquid
1156 2374 1333 2456 respondere

133 2486 279 2545 convenit
291 2484 339 2544 vel
355 2484 417 2544 illis
440 2484 555 2562 simile,
570 2483 617 2545 vel
632 2484 813 2561 analogum,
826 2482 874 2543 val
896 2481 1101 2563 contrarium,
1117 2491 1178 2545 aut
1199 2479 1332 2545 certaali·

134 2591 211 2669 quid
235 2590 412 2671 physicum
440 2591 527 2672 quod
553 2599 659 2654 tamen
682 2593 730 2654 rei
752 2593 1008 2669 sublimissimae,
1030 2608 1181 2673 quaeque
1206 2593 1333 2655 indoctae

35 2713 39 2717 ·
132 2698 218 2779 plebi
232 2700 381 2778 impervia
392 2699 484 2776 foret,
496 2699 596 2778 ligure
609 2718 677 2763 csse
689 2704 822 2782 poterat.
835 2703 949 2766 C.Vlll.
962 2722 992 2766 v.
1003 2706 1031 2766 1.
1046 2701 1164 2765 dicitur
1177 2700 1264 2783 quod
1275 2704 1334 2780 post

134 2804 293 2866 diluvium
321 2805 405 2867 Deus
426 2805 564 2870 adducit
585 2808 736 2888 spiritum
755 2827 850 2889 super
876 2823 1004 2884 terram,
1020 2815 1051 2894 et
1071 2808 1259 2870 imminutae
1278 2809 1336 2868 suni
1373 2830 1375 2849 ι

138 2929 246 2994 aquae.
275 2913 409 2992 largum
420 2916 568 2979 lonatbaa
579 2925 611 2978 et
622 2918 757 2996 Targum
770 2919 1083 2998 hierosolymitanum
1099 2917 1335 2997 explicantem·

139 3028 205 3085 tum
217 3022 716 3089 misericordiarum.Ambrosias
730 3028 840 3103 credit,
857 3043 921 3090 non
936 3043 1004 3089 esse
1020 3033 1152 3089 ventum
1181 3027 1238 3090 sed
1252 3022 1338 3105 spiri·

137 3143 204 3198 tum
220 3133 361 3197 divinum
377 3134 432 3198 aut
446 3136 603 3216 Spiritum
617 3137 778 3199 Sanctum.
801 3135 847 3197 lta
868 3139 962 3199 etlam
984 3134 1218 3199 Theodoretus.
1236 3134 1339 3197 Tamen

140 3246 318 3307 communis
332 3254 380 3308 est
392 3246 556 3322 sententia,
573 3245 727 3325 Spiritum
748 3245 834 3308 hune
846 3251 975 3307 ventum
987 3242 1093 3306 luisse.
1119 3242 1230 3323 Atque
1241 3254 1340 3305 seusus

135 3353 188 3415 hic
209 3356 355 3418 litteralis
372 3355 526 3417 tenendus
545 3360 604 3432 est,
622 3355 765 3435 quamvis
786 3363 818 3417 et
839 3354 990 3434 spiritalis
1013 3352 1067 3413 illc
1089 3351 1221 3414 admitti
1241 3354 1360 3433 queat„

134 3461 209 3524 Post
224 3462 374 3525 historiae
388 3463 555 3527 veritatem
577 3463 794 3544 spiritualiter
816 3461 999 3543 accipienda
1019 3466 1105 3541 aunt,
1129 3461 1175 3524 ait
1198 3459 1340 3541 Hierony·

133 3588 206 3635 mus
225 3573 253 3634 1.
268 3572 309 3633 At
323 3572 452 3650 quinam
467 3572 563 3657 nostri
576 3571 670 3634 huius
693 3572 835 3652 Spiritus
855 3572 914 3634 Dei
933 3570 993 3632 erit
1014 3586 1149 3647 sensus,
1178 3588 1246 3634 nou
1271 3568 1340 3631 adeo

5 3690 10 3697 '
132 3679 291 3760 sublimis,
304 3687 336 3741 et
357 3679 462 3756 magis
479 3678 638 3743 litteralis?
658 3679 844 3744 Audivimus
868 3679 1032 3742 materiam
1048 3686 1203 3760 tenuem,
1224 3683 1339 3741 edacem

134 3789 181 3850 vol
196 3789 386 3865 aetheream,
405 3787 577 3851 nonnullos
591 3788 762 3851 credidisse
783 3790 868 3851 hunc
888 3788 1041 3869 Spiritum
1062 3785 1130 3848 Dei.
1147 3786 1287 3849 Basilius
1300 3801 1340 3846 re·

56 3980 60 3990 Ι
132 3897 192 3958 lert
206 3898 287 3960 bane
301 3898 593 3978 interpretationem
608 3915 741 3978 eamque
751 3896 1148 3960 SeverianusGabalitanus
1162 3894 1180 3939 ²
1193 3872 1339 3977 sequitur:

133 4020 208 4066 nam
222 4006 261 4066 de
273 4010 355 4085 arira,
372 4008 426 4087 eit,
441 4009 551 4088 utique
564 4007 747 4070 meminisse
758 4007 878 4069 debuit:
891 4007 936 4069 sio
950 4004 1145 4070 Psdxtvll.
1161 4004 1273 4070 Flebit
1285 4002 1341 4085 api·

131 4113 216 4175 ritus
231 4112 309 4175 eiua.
326 4111 499 4192 Procopius
515 4116 561 4177 val
577 4115 676 4180 Deum
693 4115 741 4180 vel
756 4112 989 4197 a'o'remSpiritu
1004 4113 1059 4179 illo
1082 4113 1220 4180 indicari
1234 4112 1340 4179 credit,

166 4224 180 4271 1
202 4221 277 4272 Proi.
299 4220 559 4274 Communem.

164 4313 182 4365 2
200 4318 278 4370 Hom.
298 4319 315 4368 1
330 4316 360 4373 du
383 4316 470 4375 crant.
488 4319 595 4376 Murali.
