2970 5002
1307 322 1348 380 85

142 438 353 505 substantiam
367 441 528 522 appeliant
541 441 695 504 aetherem
706 456 801 522 quant
813 456 921 505 vocem
936 443 1045 507 Graeci
1057 443 1353 526 adhibebanteam-

144 567 209 629 que
229 550 269 610 ab
292 549 340 611 his
363 559 540 617 mutuatam
562 552 722 637 Lucretius
753 559 787 612 ct
806 552 926 614 Tattius
947 571 1077 617 romana
1100 558 1225 619 ciuitate
1247 560 1352 623 dona·

144 637 230 717 runt.
261 655 390 719 Ovidius
410 658 453 720 ita
473 675 546 724 oum
566 658 718 723 describit
737 666 762 720 1:
787 659 952 740 Liquidum
972 668 1002 723 et
1015 664 1172 739 pravitate
1195 662 1373 729 carentem

144 762 292 839 Aethera,
314 766 557 847 necquidquam
578 775 720 830 terrenae
739 765 838 844 faecis
852 767 1023 832 habeatem.
1038 769 1153 832 Nostro
1176 788 1251 835 aevo
1272 778 1358 855 opti-

142 869 171 930 ci
191 870 322 932 effectus
343 889 453 936 omnes
475 880 543 936 turn
564 874 750 944 luminosos,
774 879 840 936 turn
861 875 1039 938 calorificos
1067 883 1098 938 et
1118 877 1279 957 chymicos
1301 899 1353 943 ra·

144 977 270 1040 diorum
293 980 357 1043 sire
378 980 456 1044 sciis
478 981 542 1042 sive
563 981 699 1042 aliorum
718 996 888 1060 corporum
904 983 945 1046 ab
967 985 1035 1048 eius
1056 985 1284 1050 vibrationibus
1300 1005 1356 1049 ra-

143 1093 250 1165 peterc
272 1088 386 1150 solent.
412 1089 579 1152 Probabile
600 1105 728 1169 quoquc
747 1096 806 1166 ast,
824 1108 897 1155 eum
914 1098 946 1154 et
966 1111 984 1154 a
1002 1094 1099 1156 iluido
1119 1096 1267 1158 electrico
1289 1113 1354 1159 non

138 1194 277 1270 differre,
303 1194 358 1274 qui
380 1213 444 1258 non
466 1198 561 1259 modo
583 1198 613 1258 in
629 1197 760 1260 nubium
776 1199 1061 1274 regionecmnibus
1082 1217 1152 1264 sose
1173 1203 1350 1267 manifestat

143 1307 180 1362 ut
193 1301 329 1378 spiritus
339 1303 552 1382 procellarum
568 1306 596 1384 ἰ,
611 1305 668 1366 sod
684 1305 714 1366 in
731 1305 818 1368 notio
832 1321 895 1368 non
913 1305 1070 1369 invenitur
1083 1324 1228 1387 corpora,
1242 1317 1274 1371 ct
1286 1327 1352 1374 ma·

141 1408 265 1471 simam
280 1406 358 1472 'cum
381 1411 575 1490 ponderabiii
597 1414 727 1475 materia
748 1417 968 1476 attractionem
989 1415 1105 1477 babere
1125 1425 1158 1478 et
1180 1417 1354 1494 magiami-

140 1534 241 1578 nusvc
261 1535 334 1579 cum
357 1521 458 1582 variae
478 1529 607 1583 naturae
631 1521 796 1584 moiecuiis
818 1523 942 1586 ridetur
954 1523 1117 1602 coniungi,
1133 1525 1274 1587 tribuens
1290 1527 1353 1588 iltis
1458 1531 1462 1536 '

140 1625 432 1706 electro-chymieas
455 1632 662 1707 proprietates
684 1645 749 1705 eas,
771 1631 886 1710 quibus
907 1631 991 1704 varia
1005 1648 1135 1710 corpora
1159 1634 1240 1693 varia
1256 1635 1355 1695 ratio-

142 1748 183 1792 ne
206 1732 356 1794 instructa
372 1752 407 1794 sa
419 1734 568 1812 produnt.
582 1735 710 1814 Absque
722 1735 782 1796 boc
795 1736 920 1797 aethere
935 1735 1151 1813 phaenomena
1172 1739 1282 1801 mundi
1296 1757 1354 1803 ex-

138 1837 267 1914 pticarc,
284 1838 349 1903 fere
373 1839 458 1903 idern
483 1857 597 1902 censeo
612 1859 649 1902 ae
662 1841 880 1921 phaenomena
913 1842 1053 1906 bominis
1079 1843 1238 1922 explicare
1262 1845 1353 1917 reita,
1419 1885 1423 1890 ι

134 1944 210 2026 quio
226 1946 350 2008 animus
364 1946 559 2008 admittatur.
578 1947 670 2010 Enim
692 1965 766 2012 vero
787 1948 912 2010 videtur·
930 1949 1039 2011 aether
1054 1949 1105 2010 bie
1121 1950 1218 2012 vetuti
1242 1951 1355 2012 muudi

137 2034 282 2129 corporei
306 2055 410 2116 anima
431 2054 585 2133 quaedam
608 2053 795 2130 materialis,
818 2072 900 2135 quae
924 2055 1007 2117 hune
1028 2063 1189 2134 tamquam
1213 2057 1356 2134 Spiritus

138 2156 311 2236 tatararii,
325 2166 480 2239 totamque
494 2159 599 2237 inlusa
610 2177 670 2242 per
682 2169 774 2221 crtus
786 2159 981 2240 usucapitur
995 2159 1118 2237 motem,
1141 2173 1171 2224 et
1193 2179 1301 2239 macno
1323 2180 1358 2225 se

140 2281 270 2343 corpore
287 2266 407 2329 miscet.
430 2265 556 2326 Aeneid.
587 2266 633 2328 Vi.

181 2373 265 2433 beas
285 2379 384 2447 certe,
398 2373 475 2436 dum
486 2374 649 2435 coctumst
660 2379 775 2435 terram
788 2372 915 2448 creavit,
929 2373 1088 2436 aetherem
1104 2374 1187 2436 bunc
1201 2393 1276 2437 sana
1290 2394 1354 2439 non

137 2481 362 2560 praetermisit,
384 2481 473 2542 cuius
495 2497 555 2559 ope
575 2481 761 2560 corporibus
783 2499 839 2560 par
854 2499 887 2544 so
902 2481 1045 2544 obscuris
1064 2500 1105 2543 ac
1123 2483 1242 2560 frigidis
1264 2486 1351 2547 calo-

139 2604 206 2647 rem
231 2595 263 2648 et
283 2589 385 2649 iucem
408 2598 475 2649 erat
496 2589 637 2650 daturus.
671 2589 765 2651 ilium
779 2590 893 2651 crearit
915 2606 976 2652 unu
998 2607 1070 2652 curn
1093 2592 1255 2654 moiecuiis
1270 2608 1354 2670 pon⁴

139 2695 344 2775 derabiiibus,
357 2698 498 2776 interque
512 2697 568 2758 bas
584 2705 615 2758 et
629 2698 732 2777 ipsum
747 2699 941 2760 attractionis
958 2698 1058 2775 tegern
1073 2701 1261 2760 concreavit.
1286 2699 1354 2766 Hu-

136 2806 186 2865 ius
208 2805 238 2864 vi
258 2805 455 2866 attractionis
477 2805 585 2866 aether
606 2806 795 2868 monadibus
822 2823 879 2867 sen
894 2806 1057 2870 mcteeuiis
1081 2808 1142 2868 iiiis
1164 2825 1197 2868 se
1220 2809 1352 2871 corrinn-

137 2912 232 2986 gebat
255 2930 295 2972 ex
315 2930 377 2991 qua
398 2914 620 2977 coniunctione
636 2931 691 2975 eas
714 2915 922 2993 proprietates
943 2914 1015 2974 ittae
1035 2916 1246 2993 accipiebant,
1271 2933 1352 2994 (quaa

140 3020 171 3079 in
193 3020 306 3080 atomis
327 3021 516 3100 simplicium
538 3038 705 3101 corporum
723 3021 863 3100 Gbymici
877 3022 973 3082 modo
989 3028 1107 3086 notant.
1123 3022 1204 3087 ilino
1223 3025 1352 3099 agitatio

138 3129 191 3189 itta
214 3130 412 3194 moieeuiuris
444 3125 521 3193 orir'i
551 3131 703 3207 debebat,
734 3145 813 3208 quae
834 3131 974 3189 calorem
995 3145 1165 3207 corporum
1187 3132 1351 3193 constituit

140 3237 194 3317 qui
214 3238 314 3316 calor,
336 3239 478 3316 quamvis
500 3239 538 3298 ad
560 3255 633 3297 eum
654 3238 788 3313 gradum
811 3255 874 3298 non
897 3239 1089 3314 pervenisset
1114 3246 1149 3296 ut
1159 3236 1349 3314 corpuscula

138 3344 191 3403 iiia
216 3345 312 3420 ignita
334 3353 365 3405 et
385 3346 538 3407 luminosa
560 3345 707 3422 efficeret,
729 3344 799 3404 tatis
824 3352 928 3406 tumen
951 3348 1030 3421 erat,
1044 3351 1079 3404 ut
1100 3342 1251 3422 quasdam
1273 3342 1351 3423 eby-

138 3452 237 3511 rnicas
257 3453 505 3514 combinationes
517 3445 598 3512 inter
619 3453 684 3530 ipsa
700 3452 898 3530 produceret,
912 3451 1017 3512 statim
1030 3468 1066 3511 uc
1084 3470 1166 3530 quaa
1186 3459 1352 3528 aeteroge-
1401 3433 1409 3448 ⁴

139 3576 217 3620 neae
229 3569 318 3621 crant
334 3569 462 3622 naturae
485 3563 524 3622 ad
543 3569 721 3622 contactum
735 3560 929 3620 accederent.
946 3559 1073 3640 Absque
1096 3561 1155 3621 boc
1176 3561 1351 3621 vivificante

139 3672 307 3752 principio,
332 3675 362 3733 in
387 3671 438 3732 iiia
459 3670 612 3732 immensa
627 3669 1025 3747 moiecuiarumeougcrie,
1048 3668 1252 3747 probabiliter
1265 3668 1351 3726 uuita

137 3782 281 3860 cbymica
303 3780 445 3854 affinitas,
461 3786 516 3841 aut
537 3780 619 3841 iners
638 3779 715 3840 baec
734 3778 780 3839 vis
795 3793 831 3839 ac
855 3777 951 3838 vetuti
966 3785 1089 3839 mortua
1111 3793 1150 3837 ex
1170 3776 1283 3835 catoris
1298 3777 1351 3835 de·

135 3891 224 3953 iectu
246 3888 367 3951 fuisset.
392 3888 535 3950 Fortasse
557 3905 615 3950 nec
636 3888 766 3951 effectus
794 3888 883 3969 sequi
910 3881 1250 3963 poterantuuirersaiis
1273 3899 1349 3961 gra·

172 4055 274 4109 tuti.
294 4057 325 4106 L.
344 4055 370 4105 1.
391 4065 416 4107 r.
434 4052 480 4106 ot.

172 4153 192 4202 2
210 4152 272 4203 (aar.
292 4154 358 4218 hug.
379 4150 482 4203 britani
495 4151 611 4217 ‘iaqueus
629 4151 662 4203 de
679 4148 762 4204 ttuido
779 4149 908 4214 electura,
927 4147 974 4200 eit:
994 4159 1009 4197 u
1028 4150 1126 4212 Quarto
1138 4147 1220 4201 fluido
1238 4149 1291 4200 cosi
1311 4151 1350 4201 at-

131 4267 148 4298 «
173 4246 278 4300 tiva...
297 4249 323 4299 io
341 4261 406 4300 sono
426 4247 528 4300 iuduttu
546 4260 562 4297 a
582 4245 747 4311 riguardarto
772 4260 819 4312 per
845 4244 873 4296 lo
901 4244 995 4310 spirito
1014 4244 1082 4299 daho
1100 4245 1214 4312 praroiic
1230 4278 1237 4307 ‚
1255 4243 1283 4295 ti
1302 4244 1346 4296 rui
1379 4315 1382 4320 .

122 4365 140 4396 u
166 4343 286 4412 pariano
304 4345 328 4396 lc
347 4359 420 4397 sacro
439 4346 571 4398 seritturr.
594 4351 610 4391 it
626 4343 717 4396 Giurn.
738 4340 764 4395 di
784 4344 837 4394 Fis.
859 4344 934 4397 Paria
954 4342 1029 4394 1817.
