2970 5002
220 285 281 352 liti

225 431 277 487 cst
289 420 414 500 divisio,
428 417 572 501 aperitio,
588 423 617 482 et
629 422 856 500 perimamus
870 422 899 481 et
914 415 1084 482 mamimus.
1096 416 1341 504 Qualiscumque
1354 427 1430 487 sulcu

225 531 324 596 luerit
338 529 544 593 luminarium
558 527 742 605 coelestium
757 533 870 606 status,
882 533 967 589 certe
981 528 1067 607 quod
1080 529 1119 591 acl
1137 539 1252 592 terram
1267 538 1396 610 spectat
1405 550 1431 593 c·
1471 498 1475 537 ¹

207 646 295 702 rant
311 636 362 700 illa
379 637 475 700 veluti
487 635 659 720 commixto
674 642 707 697 et
721 633 850 699 contusa
856 641 975 716 ‚atque
989 636 1030 699 ab
1046 634 1099 697 illa
1114 645 1338 706 concretorum
1352 655 1477 753 rapo
1473 608 1476 642 ¹

220 763 294 812 rum
308 745 529 810 commiuatione
541 760 652 807 eorum
666 743 835 824 adspectus
852 744 956 808 telluri
969 743 1205 824 prohibebatur
1221 743 1333 810 Postea
1344 713 1477 813 locria

222 855 400 918 nebulosus
413 853 535 918 divisus
551 860 600 915 cst
627 851 817 934 coelumque
829 860 983 934 oportum,
999 859 1033 916 et
1045 852 1161 934 primo,
1183 825 1290 932 quossi
1304 861 1429 920 nostram

222 963 386 1041 tellurem,
400 969 565 1027 astraorta
580 969 695 1027 suut.-

261 1070 352 1134 Lvll.
375 1069 616 1132 Distincliouem
637 1065 776 1149 aliquam
797 1067 880 1131 inter
900 1069 986 1134 diem
1008 1071 1187 1135 naturalem
1201 1077 1234 1135 et
1255 1075 1390 1150 noctem,
1407 1069 1428 1131 si
1473 1142 1476 1151 Ι

221 1195 296 1240 vera
317 1183 366 1240 cst
386 1184 496 1240 nostre
516 1173 699 1256 hypothesis
728 1175 761 1256 (5
783 1175 910 1239 xxxix
928 1184 989 1240 etc.
1004 1176 1039 1257 l,
1057 1177 1120 1243 iarn
1142 1178 1284 1242 secunda
1304 1183 1339 1260 et
1358 1178 1477 1273 tortia=

220 1284 358 1366 periodo
378 1285 514 1350 faciebat
534 1284 670 1347 mediate
691 1284 819 1366 quidem
840 1286 899 1349 lux
919 1285 996 1350 eolis
1023 1288 1127 1351 adhuc
1148 1287 1255 1350 telluri
1277 1286 1430 1366 incogniti,
1473 1286 1477 1373 l

135 1406 150 1428 ⁸
217 1395 405 1458 numediate
426 1411 500 1459 vero
523 1394 630 1459 radii’
622 1393 721 1474 ipsius
741 1393 891 1459 luminosi
911 1412 930 1458 a
953 1396 1106 1461 nebuloso
1127 1394 1249 1461 ioruioe
1283 1413 1352 1463 nou
1369 1413 1477 1477 spe

223 1504 373 1568 culariter
386 1504 505 1580 reflexi,
520 1504 575 1567 sed
590 1503 696 1568 diffusi
714 1504 742 1564 1
764 1504 807 1567 At
819 1505 940 1570 modo
932 1506 1042 1587 incipit
1054 1506 1121 1570 licui
1136 1506 1321 1571 immediate
1335 1523 1354 1569 a
1368 1505 1429 1583 sota,

224 1610 279 1693 qui
296 1617 423 1691 praeest
445 1612 508 1676 diei
532 1620 565 1676 et
581 1630 639 1694 pur
660 1612 744 1677 diem
759 1613 863 1679 radios
878 1612 994 1678 directe
1009 1615 1041 1677 in
1056 1611 1215 1679 tellurem
1226 1613 1430 1680 etlunuiruu-
1474 1624 1477 1713 ς

222 1738 267 1784 na
287 1736 414 1801 quoque
435 1732 467 1783 et
488 1721 597 1784 stellae
617 1721 840 1788 mensurandis
863 1722 1060 1804 temporibus
1088 1722 1266 1787 inserviunt
1285 1740 1367 1804 quse
1384 1723 1430 1785 ho·
1474 1740 1477 1795 l

223 1829 338 1904 mines,
355 1833 513 1906 astrorum
526 1842 601 1908 ope,
615 1828 650 1891 io
663 1829 732 1891 dies
753 1835 785 1891 et
804 1845 929 1893 mensas
944 1820 1113 1910 partesque
1134 1829 1267 1910 mensis,
1280 1838 1351 1899 tum
1367 1836 1395 1892 et
1406 1829 1430 1889 iu
1473 1798 1477 1905 l

226 1952 327 1998 annos
347 1934 485 2015 annique
506 1943 708 2017 tempestates
729 1937 920 2018 partiuntur.
942 1927 1098 2024 Temporis
1113 1937 1329 2013 instrumento
1347 1937 1433 2001 al’la-
1474 1914 1477 2031 ᾗ

226 2053 302 2130 lonc
323 2043 474 2107 dicuutur·
495 2044 656 2111 astratus
677 2043 871 2111 Claudianus
885 2043 1024 2108 cecinit:

386 2257 447 2322 illc
471 2259 695 2324 interrorem
716 2260 771 2341 qui
795 2268 935 2342 temporo
952 2258 1067 2324 dividit
1089 2261 1202 2326 astris

226 2477 307 2539 ilinc
328 2477 412 2541 Deus
434 2494 491 2558 por
511 2476 620 2541 Mosen
641 2475 727 2540 dicit:
746 2479 817 2542 ullt
836 2476 977 2541 dividant
996 2476 1080 2549 iuter
1100 2479 1186 2559 diem
1207 2483 1241 2542 el
1262 2485 1434 2560 postumat

231 2587 331 2647 «sint
353 2583 384 2647 in
407 2584 496 2663 sigua
518 2590 698 2664 temporum
721 2581 903 2674 (meusium,
926 2586 975 2647 vel
996 2586 1200 2667 quaturanni
1213 2583 1437 2670 tempestatum)

228 2712 247 2752 ιι
269 2692 392 2755 dierum
413 2701 445 2755 et
465 2708 622 2756 annorum
643 2712 675 2756 a.
697 2693 789 2770 llaec,
805 2701 841 2758 ut
854 2694 931 2757 mibi
944 2695 1081 2774 ridetur,
1097 2694 1271 2775 probabilis
1294 2698 1439 2777 interpre-

225 2802 318 2883 tatio,
339 2800 480 2864 Hebraeo
502 2817 566 2863 non
585 2801 781 2876 adversatur,
797 2818 856 2864 neo
870 2801 1014 2881 vulgatae
1035 2819 1116 2884 quae
1136 2804 1285 2868 cumillo
1306 2805 1398 2868 habet
1414 2802 1440 2864 iu

220 2902 370 2994 'sipuust
394 2916 534 2989 tempora
563 2915 593 2970 ct
615 2908 682 2972 dies
702 2915 734 2971 ct
756 2925 863 2972 uanos.
887 2909 1005 2989 Notum
1025 2910 1110 2975 enim
1131 2918 1203 2992 est,
1226 2912 1440 2995 particulaml

229 3019 281 3099 [el
296 3019 305 3098 )
328 3024 396 3079 tum
418 3014 502 3095 apud
522 3013 681 3080 Hebraeos
695 3021 763 3079 tum
778 3015 863 3096 apud
877 3015 1016 3097 Latinos,
1029 3017 1156 3097 quaudo
1171 3017 1237 3103 duo
1254 3019 1386 3083 uomina
1396 3033 1442 3081 co·

227 3125 328 3206 putat,
352 3124 489 3187 iudicare
509 3119 689 3202 aliquando,
712 3121 870 3202 posterius
890 3138 1007 3185 nomen
1027 3123 1156 3202 genitivi
1169 3125 1220 3186 rel
1240 3124 1389 3190 adiectiri
1401 3126 1443 3188 lo·

222 3249 268 3299 co
289 3233 429 3314 positum
449 3229 688 3295 esselta-Gen.
704 3228 755 3305 ill,
777 3230 826 3298 16:
850 3249 870 3292 ιι
881 3227 1098 3310 hultipucsho
1119 3230 1267 3296 dolorem
1287 3241 1324 3297 et
1345 3248 1445 3299 concc-

229 3360 250 3402 ι
271 3348 362 3424 ptum
384 3348 483 3427 taum,
508 3358 527 3400 a
549 3341 570 3402 i.
593 3356 622 3400 e.
643 3337 789 3419 dolorem
808 3343 983 3418 conceptus
1004 3335 1063 3401 tui.
1083 3337 1129 3400 Ita
1151 3346 1214 3402 act.
1234 3339 1349 3405 xxlll:
1377 3339 1446 3404 «lla

193 3470 196 3474 ·
232 3471 248 3506 r
271 3464 329 3528 spe
348 3455 381 3509 et
401 3445 631 3511 resurrectione
652 3451 851 3509 mortuorum
878 3460 939 3523 ego
974 3445 1095 3511 iudicor
1116 3463 1135 3507 s>
1155 3447 1183 3531 i.¹
1199 3463 1229 3511 e.
1254 3448 1300 3511 de
1327 3466 1386 3531 spa
1405 3441 1448 3525 ref

228 3553 443 3618 surrectionis.
465 3553 546 3618 lhiu.
560 3552 641 3634 xlv,
665 3551 715 3615 11:
730 3552 914 3631 exsacerdos
936 3559 1044 3642 tauros
1069 3560 1250 3618 atcouonas
1272 3555 1445 3636 afferens»,

228 3662 315 3747 quod
330 3662 534 3742 probabiliter
545 3645 794 3742 interpretabere
805 3664 911 3738 tauros
922 3668 1099 3738 coronatos.
1110 3661 1157 3724 lta
1171 3661 1266 3749 Rom.
1281 3662 1308 3740 1,
1320 3665 1354 3728 iu:
1371 3663 1449 3741 »lor

233 3792 250 3830 ι
271 3788 367 3852 quem
387 3769 568 3850 accepimus
588 3767 722 3850 gratiam
745 3774 778 3833 st
797 3768 1038 3848 apostolatum»
1053 3769 1141 3851 quod
1156 3758 1451 3863 cemmeticensium·

235 3881 381 3943 stolatus.
403 3878 444 3942 lla
465 3877 489 3940 l.
510 3878 582 3943 Cor.
603 3877 657 3956 lli,
678 3879 709 3939 7:
729 3897 748 3939 ιι
762 3876 841 3948 Quia
860 3877 964 3956 imago
987 3877 1131 3957 etgloria
1152 3871 1209 3967 liei
1230 3887 1313 3945 estu
1332 3884 1365 3945 i.
1378 3899 1406 3945 a.
1427 3882 1449 3942 i·

234 4000 331 4064 mago
351 3984 408 4048 Dei
428 3984 587 4065 gloriosa,
610 3984 658 4047 rel
679 3984 786 4063 imago
805 3981 924 4062 gloriae
948 3983 1016 4048 Dei.
1039 3982 1124 4048 Talia
1144 3992 1221 4051 suut
1234 3985 1294 4052 illa
1308 3986 1448 4070 Virgilii:

269 4229 285 4278 1
303 4231 376 4282 luter
393 4239 483 4284 reram
500 4240 548 4282 sen
565 4227 728 4321 speculorum
742 4191 920 4296 reflexionem,
930 4236 957 4284 st
967 4227 1138 4293 diffusionem
1149 4231 1457 4306 lucisscorporihmil·

231 4323 372 4382 tnnlualis
387 4325 446 4383 lars
457 4323 626 4403 murorum
635 4325 746 4390 Butram
757 4325 859 4408 ιιιιιριι,
869 4326 1050 4397 accurutiorcs
1065 4328 1181 4400 l’hrsisl.
1219 4414 1222 4422 Α
