2970 5002
235 309 277 374 32

235 468 353 532 paucos
372 452 466 514 ctiam
488 449 583 514 divini
609 449 696 514 verbi
719 459 943 531 veneratores,
969 465 1064 515 acmo
1084 448 1363 530 argetilticamus
1388 457 1460 519 cnm

236 580 262 623 s.
279 559 397 622 Thomu
411 581 428 621 (ι
444 561 519 623 hlihi
539 562 664 624 videtur
691 564 790 624 tutius
805 580 887 640 csse,
903 562 1072 642 busequas
1087 561 1267 642 Philosophi
1282 580 1458 628 commune

235 688 254 730 a
276 676 444 733 senserunt
457 677 489 731 et
505 681 630 734 nostrae
645 670 716 733 lidei
738 689 801 733 non
823 680 1001 751 repugnant
1015 688 1117 752 neque
1130 688 1200 736 esse
1214 670 1261 732 sic
1283 675 1461 736 asserenda·

236 798 256 838 «r
278 786 313 841 nt
328 777 477 857 dogmata
493 780 588 856 lidel,
616 779 689 842 lieet
703 779 874 860 aliquando
898 779 960 842 sub
975 781 1102 842 nomine
1118 778 1393 861 Philosophorum
1407 782 1454 844 ia·

225 868 255 946 a
278 886 485 948 traducantur
500 936 508 961 ,
532 904 634 967 neque
648 888 693 948 sic
707 904 778 949 ease
793 887 934 965 neganda
951 895 1112 967 tamquam
1127 886 1199 948 fidei
1212 890 1402 970 contraria,
1420 906 1456 951 ne

190 973 194 980 ¹
234 1014 254 1053 o
275 992 470 1071 sapientibus
496 991 590 1054 huius
612 993 726 1056 mnndi
741 995 964 1057 contemnendi
980 995 1155 1055 doctrinam
1172 992 1244 1054 lidci
1260 993 1453 1072 praebeatur

234 1121 253 1161 o
274 1102 425 1165 occasion
443 1101 575 1181 (opti.
593 1100 602 1183 )
622 1103 798 1183 Sequemur
813 1121 889 1181 ergo
910 1120 1006 1183 quam
1021 1103 1226 1182 exposuimus
1242 1104 1449 1179 sententiam

233 1211 284 1274 eui
297 1213 324 1274 si
337 1210 510 1274 valedicere
525 1211 694 1274 difficultas
706 1212 811 1293 aliqua
825 1211 1004 1274 insolubilis
1015 1211 1081 1273 sive
1093 1211 1268 1288 theologica
1285 1214 1355 1273 slve
1371 1217 1447 1294 phy·

237 1319 301 1379 sica
317 1319 465 1394 iusserit,
483 1319 641 1397 integrum
656 1328 731 1381 tunc
748 1320 839 1381 uobis
854 1319 913 1381 erit
927 1334 966 1380 ex
981 1318 1110 1399 reliquis
1125 1317 1343 1399 duabusquas
1358 1328 1446 1382 antea

233 1423 441 1489 indicarimus
455 1426 685 1489 conciliationis
701 1427 758 1488 riis
773 1443 868 1489 unam
883 1436 938 1488 aut
952 1426 1084 1489 alteram
1099 1442 1274 1507 capessere.
1384 1456 1397 1465 -·

159 1541 163 1549 ’
270 1534 350 1616 xitt,
367 1536 523 1608 Quorsum
537 1536 641 1598 haec?
667 1537 751 1598 dicct
772 1535 897 1616 aliquis.
914 1536 999 1608 Quae
1015 1545 1080 1598 nos·
1096 1535 1230 1617 impellit
1244 1537 1343 1614 ratio,
1360 1545 1399 1601 ut
1411 1538 1446 1600 ad

202 1666 206 1672 ·
231 1660 301 1706 eam
312 1643 564 1722 ‘explicationem
580 1659 661 1724 quae
675 1642 780 1704 minus
792 1642 883 1704 obvia
898 1651 946 1704 est
960 1643 1206 1721 coniugiumue?
1226 1643 1276 1705 Aa
1300 1662 1370 1707 non
1390 1662 1446 1726 pa·

231 1751 288 1811 toit
303 1749 399 1830 Deus,
414 1750 497 1812 sicut
511 1751 570 1828 ipsi
584 1750 716 1829 placuit,
740 1752 865 1828 operari
877 1752 892 1809 ‘l
906 1750 1007 1812 liceur
1021 1751 1080 1811 dici
1095 1759 1241 1830 nequeat,
1260 1750 1363 1814 tuisse
1384 1752 1446 1814 dies

230 1857 303 1920 illos
317 1875 404 1920 sexa
420 1857 535 1919 nostris
552 1857 636 1918 hisce
651 1857 764 1920 diebus
778 1875 816 1918 ac
836 1859 1033 1920 revolutione
1049 1858 1169 1920 telluris
1183 1859 1266 1919 circa
1281 1860 1444 1940 propriora

183 1946 186 1951 ’
230 1983 324 2028 axem
341 1965 514 2027 delinitos?
529 1965 592 2027 Cur
608 1965 808 2043 longissimas
821 1972 854 2027 et
874 1965 980 2028 lorsau
996 1967 1176 2047 inaequales
1192 1968 1344 2047 periodos
1361 1970 1445 2034 inil-

213 2053 268 2137 lis
283 2074 379 2136 latere
391 2074 556 2154 putemus?
567 2074 817 2153 rhesponden:
835 2076 908 2155 quia
923 2080 955 2137 et
969 2076 1028 2138 hoc
1043 2076 1148 2156 ipsam
1161 2077 1239 2139 satis
1252 2077 1360 2141 innuit
1371 2077 1444 2142 seri·

228 2190 335 2262 ptura,
347 2183 433 2263 quod
445 2182 524 2244 inira
539 2183 768 2261 videbimus;et
781 2201 843 2246 non
858 2184 942 2246 leves
956 2187 1073 2264 patitur
1088 2184 1291 2248 difficultates
1306 2186 1442 2266 vulgaris

227 2293 462 2371 interpretatio,
479 2292 565 2372 quod
581 2292 642 2352 iam
654 2308 693 2352 ex
709 2297 797 2372 parte
812 2299 977 2355 ostensum
992 2301 1051 2354 est.
1066 2292 1144 2354 Tum
1157 2291 1229 2374 qnia
1245 2293 1307 2356 alia
1322 2295 1444 2358 ratione

226 2400 323 2462 ilosis
341 2401 589 2477 cosmognniam,
607 2399 693 2461 iuxta
706 2409 905 2478 praesentem
920 2400 1123 2463 scientiarum
1137 2407 1267 2481 statum,
1283 2403 1440 2481 explicare
1481 2396 1483 2477 ξ

226 2523 360 2587 nequeo:
378 2507 454 2578 Quia
468 2505 523 2569 ubi
535 2506 616 2568 hane
638 2508 882 2587 explicationem
896 2509 1069 2589 acceperis,
1086 2526 1149 2572 non
1167 2510 1264 2572 modo
1277 2513 1370 2572 omni
1383 2509 1440 2576 dil-

227 2616 365 2678 hcultate
381 2615 560 2696 expeditam
572 2615 702 2680 habebis
712 2616 807 2680 Musis
820 2618 1045 2696 narrationem3
1055 2618 1110 2680 sed
1125 2617 1263 2681 divinam
1276 2635 1378 2698 quam
1394 2620 1441 2681 ba-

225 2724 280 2786 bet
295 2722 460 2802 ‘originem
475 2774 482 2801 ,
499 2724 579 2787 miro
594 2736 725 2804 prorsus
754 2727 851 2788 modo
864 2726 1083 2789 confirmatam
1106 2726 1258 2806 reperies.
1272 2725 1438 2791 Praeterea

224 2814 298 2912 qula
313 2832 391 2895 haec
405 2841 454 2895 est
471 2831 519 2895 rei
533 2836 679 2896 omnium
694 2835 912 2912 geuiogorum,
935 2832 984 2897 vel
1010 2835 1121 2896 saltem
1148 2833 1289 2914 plurium
1313 2850 1438 2900 eorum·
1466 2848 1468 2853 ’

183 3003 186 3009 .
223 2958 286 3020 que
300 2933 557 3005 doctissimorum
570 2941 723 3004 haedere
735 2950 822 3004 certa
838 2941 1306 3022 sententia3aciuxtaprudens
1319 2942 1438 3005 Aristo
1482 2986 1483 2993 κ

223 3050 293 3117 telis
304 3051 456 3138 placitum
468 3067 504 3113 ea
517 3050 680 3131 probanda
691 3057 766 3114 sunt
777 3065 859 3131 qnae
871 3050 919 3113 rei
929 3049 970 3112 ab
980 3050 1130 3114 omnibus
1140 3049 1273 3114 alicuius
1286 3051 1439 3113 scientiae

225 3156 402 3221 cultoribus
414 3156 426 3235 ,'
441 3157 489 3220 rel
504 3173 523 3219 a
538 3156 707 3238 pluribus,
722 3157 769 3219 vel
784 3174 802 3219 a
817 3156 1011 3237 principibus
1026 3158 1192 3220 docentur.
1210 3155 1435 3238 lieniquequia

224 3266 385 3328 rationum
398 3262 582 3339 momenta,
608 3264 727 3346 quibus
741 3263 1013 3328 eoruminnititur
1027 3263 1169 3325 doctrina
1185 3311 1192 3338 ,
1217 3263 1335 3325 summi
1350 3279 1435 3342 pnn-

223 3375 307 3435 dcris
321 3373 563 3435 esseridentur.
584 3375 703 3438 Revera
729 3362 802 3436 cum
826 3369 1055 3451 perspiciamus
1083 3378 1130 3433 tot
1141 3369 1276 3433 Naturae
1290 3369 1434 3450 discipu-

223 3482 276 3542 ·los
292 3481 322 3541 in
339 3481 401 3542 hnc
415 3482 586 3543 convenire
599 3483 607 3556 ‚'
623 3496 760 3560 quorum
774 3479 916 3559 plerique
926 3496 967 3540 ex
981 3479 1086 3539 innata
1100 3477 1252 3555 gloriolae
1263 3476 1436 3557 cupiditate

222 3589 302 3667 nihil
315 3589 435 3651 malunt
460 3605 556 3668 quam
571 3606 652 3651 nova
679 3588 821 3670 prolerre
844 3596 877 3649 et
900 3587 980 3652 alios
994 3586 1158 3661 refellere,
1183 3586 1238 3666 qni
1253 3584 1338 3647 iuter
1351 3602 1389 3647 se
1402 3585 1433 3645 in

74 3692 78 3701 '
184 3774 187 3779 Ι
208 3695 404 3771 theoreticis
419 3694 658 3776 quaestionibus
682 3712 776 3782 saepe
790 3694 1004 3772 dissentiunt,
1030 3710 1085 3773 qur
1099 3707 1193 3771 saepe
1206 3692 1238 3753 in
1252 3690 1386 3770 multis,
1401 3707 1436 3752 a·

219 3803 316 3865 criter
337 3796 509 3884 aliquando
525 3853 531 3876 ‚
556 3798 707 3882 pugnant
725 3803 791 3866 sive
806 3818 863 3882 pro
878 3801 1038 3880 aquasive
1053 3800 1217 3880 preigne,
1249 3796 1360 3878 (unde
1371 3797 1434 3872 Ne·

184 3987 187 3993 ,
209 3911 435 3988 ,ptnntstarcm
447 3920 478 3973 et
493 3905 747 3973 Vuloaaistarnm
767 3909 815 3970 rel
830 3906 1075 3970 Plutonistarum
1088 3903 1319 3983 appellationes
1333 3901 1434 3982 ortae)

220 4003 359 4099 quorum
374 4016 429 4079 alii
442 4019 564 4081 sincera
579 4018 676 4080 animi
691 4013 1009 4095 religionenevelatas
1021 4011 1167 4074 veritates
1178 4009 1366 4086 defendunt,
1376 4010 1433 4089 alii

223 4125 329 4187 dehis
353 4125 405 4187 rix
419 4107 535 4187 aut'ne
550 4127 602 4189 vix
615 4118 744 4209 quidem
758 4124 901 4204 cogitant
911 4173 919 4199 ,
931 4121 985 4185 elii
997 4121 1068 4183 aliis
1081 4126 1189 4198 aperte
1203 4119 1430 4195 adversarium

221 4225 367 4314 prolecto
377 4236 559 4298 huiusmodi
574 4253 747 4309 consensus
762 4225 960 4298 validissimis
988 4228 1141 4293 dicendus
1155 4234 1203 4289 est
1230 4226 1316 4305 gigni
1331 4245 1428 4305 argu-

219 4343 353 4438 mentis,
372 4344 550 4410 cuiusmodi
564 4351 639 4409 suat
653 4329 734 4425 quae
748 4360 766 4407 e
780 4325 870 4406 lactis
885 4340 980 4406 sensu
996 4323 1152 4419 perceptis
1166 4382 1174 4415 ‚
1192 4335 1294 4415 iisque
1314 4335 1436 4414 magnis
