2970 5002
162 289 220 350 158

160 424 315 485 exsistens
338 405 399 483 iilis
422 417 596 493 adiecisse,
620 420 704 500 quod
728 436 767 480 ex
792 420 890 484 nitrito
912 421 1035 485 eruerit.
1061 417 1202 485 Videtur
1230 421 1355 487 nimirum

115 530 121 538 '
156 531 238 608 ,ittud
261 529 390 591 verbum
414 527 551 590 indicare
573 526 623 587 trie
645 527 692 587 vel
716 546 918 609 supponere,
945 529 1134 610 principium
1156 527 1283 609 aliquod
1303 547 1355 590 esse

157 641 188 699 in
213 636 425 699 animantibus
446 656 463 698 a
485 636 614 698 materia
635 637 841 713 distinctum,
866 640 926 699 troo
946 650 994 701 est
1015 641 1156 701 animam
1179 638 1353 701 immateria-

157 748 220 807 lem
244 765 262 806 a
284 745 348 806 Deo
370 744 548 806 immediate
569 753 716 806 creatam.
739 744 808 806 Non
831 753 935 807 tamen
958 763 1038 824 nego
1052 754 1084 806 et
1106 745 1201 807 aliam
1217 747 1349 808 rationem

32 896 35 904 ι
156 858 198 918 its
224 854 372 935 loquendi
394 854 499 916 Mosen
521 853 679 943 ttebuittse.
704 853 852 941 dtgytttti
868 854 1082 927 onimdivinis
1104 853 1279 919 honoribus
1297 855 1348 914 ani·

156 962 251 1025 maiia
274 961 550 1042 prosequebantur
566 944 761 1042 [pronique
780 955 868 1022 eran‘t
881 952 1021 1025 “Hebraei
1046 962 1085 1023 ad
1107 979 1162 1025 eos
1188 962 1348 1038 imitandos,

157 1069 242 1150 qdod
263 1071 311 1130 vet
338 1087 399 1130 una
420 1069 509 1131 vituli
529 1069 617 1130 aurei
638 1063 770 1133 historia
790 1069 916 1161 abunde
938 1071 1077 1133 ostendit
1094 1072 1123 1132 1.
1142 1070 1202 1133 tue
1216 1071 1313 1150 igitur,
1323 1081 1348 1136 ut

158 1196 235 1242 suos
257 1180 298 1240 ab
320 1178 380 1242 hoe
401 1179 544 1261 periculo
564 1187 741 1254 averteret,
764 1180 804 1241 de
825 1171 1013 1243 animalibus
1034 1179 1294 1262 ioquiineipiens,
1312 1200 1346 1260 ea,

158 1288 264 1349 verbis
293 1303 386 1365 quam
409 1287 545 1348 menime
567 1286 718 1365 disertis,
741 1286 796 1349 Dei
818 1304 899 1368 opus
920 1290 1051 1351 omnino
1071 1306 1140 1350 esse
1158 1288 1342 1375 edicerede-

155 1396 378 1460 buit..Tamen
400 1396 441 1457 ab
462 1396 520 1457 hae
542 1412 618 1458 voee
641 1395 916 1476 abstinuit„dum
937 1398 978 1459 de
998 1399 1091 1459 astris
1111 1396 1163 1459 die
1186 1400 1293 1478 quarta
1309 1397 1344 1458 lu-

155 1514 249 1570 eutus
270 1512 329 1567 est.

192 1616 259 1678 Hoe
281 1614 378 1676 verbo
400 1602 502 1676 Moses
516 1629 579 1675 uon
595 1611 695 1676 utitur
720 1631 749 1673 v.
773 1614 814 1675 25
835 1613 888 1676 ubi
904 1615 943 1676 de
964 1619 1141 1676 ceterorum
1157 1612 1344 1676 animantium

150 1725 342 1789 formatione
369 1723 455 1802 agit,
483 1739 591 1784 verum
609 1740 672 1785 non
699 1722 772 1785 inde
793 1725 960 1804 sequitur,
983 1740 1047 1786 non
1068 1712 1211 1804 potuisse
1234 1731 1265 1785 et
1277 1722 1303 1784 in
1315 1738 1345 1784 eo

150 1835 224 1896 loeo
247 1847 324 1892 voee
345 1829 405 1890 hae
427 1829 471 1891 uti
499 1828 628 1906 Mosen,
660 1847 806 1912 neceam
829 1831 897 1892 sine
920 1831 1002 1891 iusta
1023 1827 1134 1892 caussa
1157 1849 1185 1891 v.
1203 1831 1254 1891 21.
1279 1829 1350 1890 adii-

144 1938 269 2000 buisse.
289 1938 324 1999 tn
345 1944 436 1997 sexto
459 1935 509 1996 die
529 1936 591 2015 (ad
614 1950 708 2015 quem
734 1936 869 2016 pertinet
879 1931 916 1998 u.
928 1936 1016 2017 25),
1038 1929 1138 2017 quum
1158 1936 1201 1998 do
1225 1940 1348 2000 umbra

147 2046 203 2110 liei
224 2041 393 2123 imaginem
416 2042 595 2120 referente,
626 2060 725 2125 quum
748 2045 927 2125 nempe-de
947 2046 1072 2129 animae
1093 2045 1257 2130 humanae
1268 2062 1344 2110 urea·

136 2149 233 2218 'tione
251 2168 356 2214 sermo
379 2157 438 2229 est,
460 2157 529 2214 tum
558 2166 633 2214 veru
653 2167 715 2215 vox
730 2150 783 2214 tna
808 2152 983 2216 adhibetur
1000 2154 1039 2216 ad
1060 2153 1252 2220 nobiliorem
1270 2171 1349 2222 usuu

135 2262 313 2326 reservata.
336 2263 500 2325 Praeterea
531 2255 649 2324 creatio
677 2262 802 2350 animae
821 2261 989 2326 brutorum
1004 2254 1072 2327 atie.
1091 2256 1195 2326 §sexto
1213 2280 1348 2327 noverea

142 2392 207 2438 non
229 2382 322 2452 erat,
349 2390 407 2453 nee
429 2372 531 2452 primo
546 2365 654 2456 tuneo
675 2369 762 2436 noso
779 2371 977 2435 narrabaturt
992 2374 1059 2434 iam
1077 2372 1345 2452 promutgatuerat

64 2509 68 2517 ·
142 2479 207 2558 lex,
229 2495 291 2561 qua
304 2480 416 2542 tuerat
437 2478 605 2552 sancitum,
630 2464 758 2559 bospori
777 2478 1048 2558 animatiu‘rgnnis
1063 2478 1348 2559 ritenruediteeni-

140 2598 226 2653 mam
247 2602 316 2651 esse
335 2585 614 2664 ¹coniungendam,
636 2602 696 2648 nec
715 2585 820 2650 bioses
838 2638 846 2663 ,
866 2589 958 2653 euius
980 2597 1083 2671 scopo
1100 2598 1215 2668 uarum
1234 2596 1289 2652 ent
1304 2589 1348 2650 ai·-

136 2693 184 2757 nn
210 2693 477 2774 istud'pru'derat,
511 2706 642 2755 neeesse
669 2693 780 2758 habuit
803 2696 865 2758 noe
888 2709 999 2757 ramus
1021 2697 1145 2758 dueerei
1169 2694 1347 2759 neuneu

138 2801 235 2882 Deus,
258 2803 475 2868 animantibus
496 2802 548 2866 die
573 2803 635 2869 hoe
655 2805 768 2885 quintu
787 2802 924 2882 creetis,
950 2802 1113 2866 benedimit
1135 2805 1196 2881 uir,
1221 2804 1344 2877 diuum

140 2907 275 2974 crescite
299 2915 332 2974 et
356 2909 614 2994 multiplicamini
635 2921 666 2976 et
683 2910 804 2994 reptete
821 2928 921 2994 equor
943 2906 1066 2994 nimis,
1089 2926 1229 2993 avesque
1246 2910 1344 2975 nutti-

132 3017 295 3098 ptieentur
321 3032 420 3101 super
446 3021 566 3099 terrum
585 3021 641 3102 (v.·
652 3018 693 3082 22
708 3019 729 3100 i.
745 3018 863 3084 Verum
879 3018 962 3080 trane
978 3017 1238 3081 benedictinum
1254 3032 1344 3098 super

133 3115 498 3207 animantia-superioris
508 3148 515 3161 ··
525 3128 670 3208 ordinis,
693 3120 1023 3208 diesextorepetitem
1036 3126 1270 3205 uon-tegimus:
1285 3135 1346 3188 teu·

132 3244 201 3298 tum
212 3292 213 3300 ,
223 3253 319 3317 super
335 3237 496 3297 bominem
519 3238 588 3316 ipsa
604 3236 774 3316 protertur.
789 3236 1062 3301 Temeuanmutia
1074 3250 1214 3317 quoque,
1226 3236 1283 3303 die
1296 3250 1344 3299 εστ

135 3351 192 3406 xtu
214 3346 397 3424 producta,
421 3356 565 3407 erescere
591 3360 647 3407 eeu
670 3345 753 3408 iiiios
775 3361 930 3423 generare
953 3347 986 3407 et
1007 3344 1275 3425 mutuaticae-et
1294 3361 1342 3413 tn·

132 3453 225 3530 -ptere
251 3461 368 3515 terram
386 3450 555 3517 debebant.
579 3454 640 3517 Sed
666 3456 860 3536 tamquinto
879 3455 935 3516 die
962 3455 1047 3518 toti„
1062 3455 1233 3521 brutorum
1254 3453 1341 3519 uati

132 3559 195 3620 itae
218 3559 400 3626 benedictio
422 3562 524 3626 iuerat
550 3562 691 3640 tributa;
712 3565 790 3644 quia
808 3579 909 3644 quum
928 3562 1124 3644 quibusdam
1132 3562 1298 3631 mutnus
1314 3567 1344 3625 et

132 3647 299 3735 ordinibus
320 3671 393 3734 datu
412 3679 484 3745 est,
510 3671 551 3734 ud
576 3678 702 3736 ceteros
730 3689 857 3753 quoque
882 3671 1010 3735 ordines
1031 3679 1066 3734 et
1080 3671 1204 3735 classes
1229 3679 1342 3742 extem

130 3776 280 3856 debatur,
305 3785 352 3843 utt
375 3796 412 3843 ea
434 3796 516 3862 quae
537 3778 649 3861 primis
664 3790 774 3844 oenoe.
791 3782 906 3862 suecia·
926 3781 1098 3849 individuis
1119 3781 1283 3858 detumit,
1296 3788 1343 3858 te

131 3891 208 3946 tsm-
225 3888 363 3965 speeiem
386 3889 639 3968 comprehendit.
662 3888 707 3951 itu
725 3908 754 3950 s.
769 3889 905 3952 Thomas
926 3890 952 3951 t:
979 3887 1191 3958 nBsnudietio
1209 3887 1278 3963 Dei
1296 3888 1347 3959 dat

132 4009 149 4047 e
173 3991 320 4054 virtutem
338 3996 579 4076 *muttiptioendi
598 4015 658 4076 oea
672 4000 927 4077 uenerationem.
947 3996 998 4065 Et·
1012 3996 1084 4062 ideo
1102 3996 1192 4077 quod
1206 3998 1347 4077 positum

130 4117 149 4157 «
171 4106 221 4159 est
238 4101 274 4160 ia
296 4100 406 4162 avibus
432 4113 465 4164 et
485 4105 626 4184 bissibus
645 4123 728 4186 qnae
752 4106 857 4187 urimo
867 4113 1065 4182 occurrunt,
1084 4121 1148 4173 nuo
1163 4102 1224 4183 fw'd
1236 4120 1347 4182 neees5

164 4240 180 4288 1
200 4243 252 4292 Ex:
265 4232 386 4292 xxxm.
403 4272 408 4287 ι
496 4264 499 4269 ·
562 4244 569 4253 ’

161 4332 217 4387 21.
232 4339 262 4388 P.
281 4352 308 4405 q.
330 4337 438 4392 uxxu.
457 4351 495 4390 ar.
516 4339 542 4390 d.
