2970 5002
139 293 197 358 tou

129 431 188 493 bis
212 423 418 490 transcribere
441 423 549 503 piget,
574 421 685 481 auctor
709 415 819 480 lectori
841 429 912 479 sum
936 418 971 477 ut
983 413 1068 491 illa,
1087 409 1120 476 sl
1141 413 1267 494 placet,
1290 412 1337 477 ito

126 523 212 603 ‚rum
235 535 317 614 legat
338 539 370 593 et
389 530 430 594 ad
450 545 518 614 rem
540 531 736 607 praesentem
758 524 905 606 applicet

81 679 84 686 ,
180 641 269 707 LXV.
293 640 333 703 llt
357 638 470 700 melius
492 652 574 718 opus
597 631 692 696 buius
714 632 778 694 diei
799 630 1034 706 intelligamus,
1059 597 1128 697 aul
1135 592 1250 690 saltem
1270 635 1338 692 certa

139 751 281 814 adubiis
302 763 525 826 secernamus,
546 743 701 826 quaedam
723 747 798 802 sunt
822 739 999 802 accuratius
1013 736 1337 801 animadvertendabt

121 859 255 938 primo,
268 871 330 937 qua
345 855 466 917 ratione
485 853 571 934 apud
586 849 744 916 Hebraeos
766 848 797 909 in
817 847 936 909 classes
958 843 1104 909 animalia
1115 842 1335 906 distribueren-

138 975 215 1042 tur,
237 964 333 1026 debet
354 963 448 1026 nobis
467 978 538 1025 esse
560 965 777 1042 perspectum.
799 952 1041 1033 Simplicissima
1062 950 1208 1018 omnium
1229 951 1336 1032 partitio

139 1072 282 1151 adeoque
303 1067 574 1151 antiquissimam
597 1073 734 1146 quatuor
755 1065 887 1135 omnino
908 1060 1025 1124 classes
1048 1057 1335 1121 animantcstribue·
1374 1118 1377 1160 Ι

137 1180 217 1258 bat,
241 1176 472 1262 praetermissis
493 1173 695 1237 interioribus
717 1170 872 1250 familiis,
894 1183 978 1249 quae
1005 1173 1080 1230 sunt
1112 1165 1205 1228 loeo-
1206 1164 1333 1229 motionis
1374 1212 1377 1271 4

145 1292 311 1368 expertes,
336 1277 380 1347 1.·
400 1287 433 1347 iu
453 1281 682 1360 ambulantes,
701 1297 758 1342 seu
782 1277 1017 1359 quadrupedes·
1013 1258 1154 1340 mm:
1180 1271 1226 1334 br
1246 1273 1275 1334 ia
1291 1288 1335 1336 rc·
1375 1289 1377 1293 ·

144 1401 277 1475 lantes,
303 1415 358 1460 seu
378 1398 498 1460 alatos·
522 1395 680 1488 &pangat
694 1392 725 1455 in
748 1396 895 1471 repentes
915 1407 973 1453 seu
994 1355 1129 1472 reptiles
1139 1387 1283 1469 'ulmi
1286 1386 1335 1450 ric

139 1505 267 1586 pisces,
295 1521 352 1567 seu
372 1509 517 1566 natantes
529 1509 590 1604 γι·
614 1499 697 1562 Haec
721 1497 901 1561 distributio
932 1497 1056 1560 alicae
1076 1479 1234 1568 iudicatu'r
1263 1511 1335 1560 versu

139 1614 288 1677 bubeius
309 1629 379 1692 cap
402 1619 474 1674 etc
496 1609 551 1691 tx,
566 1610 598 1687 3,
612 1623 670 1670 ιιι
690 1625 754 1671 non
775 1607 845 1670 Lar.
869 1606 921 1685 Xl,
944 1608 1008 1689 tu,
1029 1616 1061 1671 et
1086 1611 1182 1675 itaut
1203 1612 1266 1692 lv,
1286 1612 1334 1683 li

138 1723 189 1786 18.
204 1721 282 1784 Hinc
302 1721 342 1781 de
362 1718 542 1796 Salomone,
563 1717 770 1792 zoologorum
790 1714 1021 1797 uetustissimo,
1037 1719 1176 1797 legimus
1201 1720 1261 1803 (lli
1273 1720 1334 1798 ileg.

127 1816 200 1907 lv,
223 1829 262 1892 33
276 1826 297 1908 J.
321 1824 410 1899 Quod
432 1823 585 1888 disseruit
604 1821 642 1885 de
663 1822 811 1885 iumentis
834 1823 1149 1909 (quadrupedibus)
1172 1835 1204 1892 et
1219 1827 1337 1892 volueri·

139 1935 222 2009 boa,
245 1942 277 1996 et
300 1930 490 2012 reptilibus,
518 1939 548 1993 et
565 1929 718 2010 piscibus
740 1931 859 1995 Revera
879 1930 978 1995 bomo
998 1949 1056 1995 ex
1062 1934 1336 2000 loeomotionisia·

42 2048 45 2053 ’
137 2042 261 2104 cultata
278 2057 341 2123 qua
362 2041 457 2104 bruta
477 2038 641 2119 gaudent,
664 2056 700 2101 ea
723 2041 861 2130 primum
882 2058 901 2102 a
921 2041 1036 2122 plantis
1072 2043 1246 2127 discernit,
1265 2044 1336 2108 mul

99 2192 101 2197 ,
136 2160 235 2232 toque
255 2151 355 2213 serius
370 2147 601 2224 animadvertit,
619 2148 772 2228 quasdam
783 2149 934 2212 exsistere
952 2159 1121 2213 creaturas
1126 2146 1220 2232 quae,
1243 2170 1337 2236 quatu

136 2260 185 2322 uis
206 2258 420 2322 loeomotione
440 2262 591 2332 careant,
612 2254 720 2336 aliquo
740 2262 845 2321 tamen
868 2265 1045 2337 spontaneo
1069 2268 1160 2323 motu
1194 2277 1336 2344 sensuque

134 2367 297 2446 praeditae
320 2382 390 2427 esse
410 2363 567 2426 videntur.
589 2361 651 2426 Sed
672 2364 776 2443 primo
799 2365 913 2428 statim
928 2366 1043 2429 obtutu
1057 2368 1216 2447 advertit,
1240 2371 1333 2453 quod,

138 2483 176 2536 ut
196 2467 288 2537 uultu
322 2473 428 2535 verbis
451 2471 589 2552 loquar,
613 2472 710 2534 ralia
731 2473 880 2537 animalia
900 2475 1095 2562 gradiendo,
1117 2478 1180 2541 alia
1213 2497 1334 2562 serpen

137 2581 182 2642 do
200 2578 240 2640 ad
263 2584 391 2671 pastum
408 2577 588 2657 accedunt,
608 2577 670 2641 alia
692 2579 851 2658 volando,
874 2580 936 2644 clia
959 2581 1158 2686 nandota.
1182 2585 1335 2667 Hincsim·

135 2685 211 2766 plear
231 2684 299 2747 itta
306 2682 500 2751 distributio
1212 2740 1216 2747 .

174 2774 366 2872 Lithopbyta
388 2793 398 2874 i
412 2810 493 2874 quae
506 2794 593 2876 apud
606 2794 801 2859 recentiores
810 2799 1005 2882 constituunt
1019 2815 1089 2864 eam
1104 2801 1241 2868 classem
1253 2821 1336 2888 quart

132 2899 320 2983 polyporum
341 2909 456 2964 uocant
472 2901 513 2982 2)
531 2951 539 2978 ,
562 2921 621 2967 nec
640 2903 759 2981 formas
781 2921 840 2968 nee
853 2893 1098 2973 toeomotionem
1113 2911 1297 2977 animalium
1309 2929 1337 2977 c·

133 3009 337 3088 scandentia,
370 3003 586 3090 nurnqucma
615 3012 775 3074 ueteribus
796 3015 878 3078 inter
897 3015 1045 3080 animalia
1074 3019 1229 3084 collocata
1263 3027 1336 3097 suat;

131 3133 192 3178 nee
227 3110 424 3197 quandeilli
445 3117 489 3178 de
506 3118 695 3180 animalibus
717 3121 915 3200 loquuntur,
937 3123 977 3185 de
997 3126 1066 3187 istis
1102 3128 1255 3204 censendi
1272 3132 1338 3193 sunt

131 3225 232 3306 ioqui.
269 3225 391 3291 asora
410 3225 440 3288 si·
457 3226 605 3290 animalis
622 3227 750 3290 nomine
771 3227 989 3306 intelligebant
1011 3240 1191 3299 creaturam
1210 3237 1339 3327 locemu-

131 3331 226 3392 tionis
256 3331 409 3396 bonitate
425 3334 624 3418 pollensem,
657 3335 847 3416 organisque
880 3336 919 3398 ad
943 3353 1012 3400 eam
1033 3344 1249 3407 exercendam
1258 3328 1338 3426 'aptis

130 3434 340 3517 autemeam,
375 3445 407 3499 et
427 3438 530 3502 lomna
550 3439 628 3520 plus
645 3441 788 3504 minusve
808 3443 848 3504 ad
868 3444 970 3525 magis
990 3452 1065 3509 nota
1087 3448 1237 3519 animatia
1254 3466 1338 3515 aece-

132 3540 280 3618 dentcm,
304 3559 381 3606 sane
402 3545 557 3627 litopbytc
576 3547 662 3609 inter
679 3549 827 3611 animatia
848 3552 994 3631 ponenda
1027 3569 1089 3617 non
1111 3556 1338 3640 erana-ltaque

131 3648 236 3711 mado.
260 3658 365 3726 essent
392 3654 435 3714 -im
450 3653 583 3716 animati.»
599 3657 930 3739 regno-collocanda,
953 3661 1000 3722 uti
1023 3673 1083 3723 nee
1116 3663 1177 3726 alia
1213 3666 1341 3728 viventia

130 3771 213 3833 quaa
233 3757 436 3821 coutlnentur
449 3760 482 3822 in
502 3762 613 3826 ultima
637 3762 730 3835 buius
753 3765 842 3841 regni
865 3765 1016 3830 diuisione
1036 3785 1133 3848 quam
1149 3769 1341 3836 radiantium

132 3876 187 3921 seu
210 3864 433 3944 nooplrptorom
452 3877 592 3944 vocant,
614 3871 642 3932 si
664 3886 777 3932 uerum
796 3878 881 3934 esset
901 3874 988 3954 quod
1009 3876 1106 3941 dccet
1126 3875 1339 3957 Lamarkius,

163 4129 177 4176 t
199 4106 234 4179 Ite
253 4129 313 4180 liat.
332 4130 411 4181 Decr.
429 4133 463 4182 ll.

162 4223 179 4271 2
197 4225 267 4284 Quae
287 4223 373 4275 intima
391 4233 441 4278 est
459 4225 553 4294 Infima
572 4226 707 4284 animalia
723 4231 941 4297 porumdtatoot
958 4182 1111 4304 opturata
1122 4180 1214 4297 531.
1230 4245 1343 4347 sumt.

128 4319 158 4371 r.
178 4333 206 4383 q
226 4320 314 4374 uum.
331 4319 418 4374 ιιι.
908 4359 912 4364 -
1163 4354 1167 4359 ·
