2970 5002
1313 261 1360 334 63,

127 397 226 471 petus
246 400 326 455 cum'
342 391 463 476 plurali
475 389 738 457 *verboseeutuc
750 388 940 468 Numquam
964 394 1069 463 autem
1085 390 1216 468 Hebraei
1238 397 1354 476 pluru,

129 499 254 562 litatem
273 498 407 561 subitos
422 497 551 563 aornim
562 496 770 575 significatam
787 495 939 574 Deorum,
952 498 1147 576 quamuisad
1161 501 1354 585 luctantem.

133 606 292 684 proclives
311 614 442 684 ment,
465 605 703 669 intellexerunt.
1089 679 1092 683 ¹
1332 686 1353 695 ..

168 713 386 777 Pluralitatem
404 714 585 779 diuinarum
605 729 813 792 personarum
834 711 986 786 Doctores
997 716 1127 794 quidam
1143 721 1341 783 coniunctio-

130 837 171 882 ne
193 820 252 881 bac
271 819 440 897 singularis
469 819 556 883 verbi
577 818 703 885 Crescit
714 834 792 882 cum
817 819 932 896 plurali
951 820 1076 883 Eloirim
1091 825 1261 888 iudicatam
1274 843 1344 889 cre·

132 923 290 998 uiderunt,
315 931 349 986 ut
364 924 394 987 iu
415 924 567 1001 ungubri
588 925 686 985 verbo
706 924 810 986 unitas
822 923 944 987 divinae
963 925 1139 1004 Essentise,
1157 933 1252 994 unico
1265 942 1343 998 ectu

132 1031 175 1092 od
198 1039 297 1094 estro
309 1033 341 1094 io
361 1048 556 1111 unoquoque
569 1048 667 1109 opere
679 1032 810 1109 agmins,
832 1042 867 1095 et
886 1033 920 1096 in
939 1036 1068 1098 nomine
1083 1037 1218 1116 pluralis
1233 1042 1348 1111 termi-‚.

132 1138 270 1201 nationis
289 1138 500 1199 Personarum
527 1136 693 1215 pluralitas
708 1138 948 1216 significaretur.
964 1141 1086 1205 Saltem
1106 1143 1268 1220 latendum
1282 1157 1343 1225 est,
1401 1124 1405 1135 “

87 1285 90 1293 s
131 1247 171 1308 iis
192 1245 309 1328 quibus
321 1247 381 1308 hoe
391 1243 576 1325 myserium
590 1244 780 1307 revelatione
792 1245 940 1323 innotuit,
964 1249 1235 1312 constructionem
1258 1251 1347 1316 illam

136 1368 292 1434 apperens
311 1356 601 1432 congruentiorem.

159 1469 430 1533 XXVl.Ccelomet
440 1477 571 1533 terrore.»
577 1469 681 1531 Prima
690 1446 926 1540 voxD’DAiil
935 1470 1012 1532 verti
1018 1473 1222 1550 potestetium
1229 1474 1343 1553 melos

136 1578 272 1659 plumlis
295 1579 604 1654 estrumentum
624 1595 797 1656 numquam
811 1552 1049 1640 eim'ie'uutbcnt
1070 1580 1222 1656 singulari
1241 1586 1346 1659 termi7

136 1687 274 1747 sabone.
291 1685 374 1747 Coe-li
387 1694 416 1749 et
431 1693 537 1749 terroe
548 1687 671 1750 nmine
684 1685 836 1755 universo
849 1692 1000 1756 erectore
1010 1686 1189 1766 sipcifiootc
1201 1696 1354 1770 ert-quom

135 1793 213 1871 fecit
229 1800 259 1856 et
271 1792 410 1856 condidit
424 1795 519 1856 Deos.
542 1792 588 1857 lta
608 1791 805 1869 Augustinus
819 1780 860 1850 ic
871 1791 1032 1867 multialii
1046 1793 1226 1872 intelligunt
1240 1814 1353 1858 omnes

136 1901 296 1980 spiritales
318 1910 350 1962 et
372 1901 554 1981 corporales
573 1911 754 1963 creaturas.»
767 1899 879 1962 liissos
898 1900 1051 1963 iaciamus
1064 1902 1161 1976 modo
1178 1903 1345 1985 spiritales:

137 2008 250 2070 saltem
277 2017 376 2073 totam
406 2009 545 2073 univemi
566 2010 731 2073 materiam
753 2008 790 2068 iis
811 2008 915 2070 verbis
935 2009 1248 2090 eomprehendi‚n0n
1262 2012 1354 2080 dubi-

136 2125 184 2182 to.
215 2117 271 2180 lle.
296 2115 419 2196 lllllll,·
446 2119 484 2181 1r
508 2115 629 2179 (helom
653 2124 684 2179 et
712 2123 802 2179 terro
820 2130 919 2194 opera
938 2115 1105 2178 creationis
1125 2117 1234 2178 omnia
1266 2128 1351 2199 certe

137 2227 460 2304 compmbeouunt...-«
472 2224 535 2286 Sex
556 2223 670 2284 diebus
690 2221 764 2283 lecit
783 2221 937 2283 Dominus
958 2222 1085 2283 coelum
1104 2231 1138 2283 et
1158 2232 1276 2284 terram
1292 2235 1352 2301 ‚et

140 2336 173 2394 iu
195 2332 504 2411 septimo-sbopcos
518 2331 660 2394 cessavit,
677 2327 836 2392 »Nullam
851 2337 937 2415 certe
961 2336 1138 2390 creaturam
1164 2329 1353 2393 excludebat

136 2442 242 2502 Moses
255 2441 333 2501 dum
347 2457 474 2502 carmen
484 2456 581 2501 suum
595 2439 638 2501 ita
652 2437 832 2517 incipiebat.
849 2457 865 2495 a
879 2436 1007 2520 Audite,
1021 2435 1119 2514 Coeli,
1130 2456 1211 2517 quse
1223 2440 1348 2523 loquor,

143 2550 252 2611 audiat
263 2553 347 2610 terra
357 2549 454 2611 verba
466 2550 531 2613 oris
546 2549 620 2612 mei.
636 2569 650 2607 o
669 2545 902 2626 (beutxxxlt,
917 2544 965 2625 l).
976 2545 1062 2607 Alibi
1074 2546 1169 2607 etiam
1181 2550 1263 2611 sacri
1276 2551 1355 2612 scri-

138 2666 249 2738 ptores
263 2657 345 2720 Oocli
358 2664 387 2721 et
408 2664 513 2721 terrm
526 2656 659 2720 nomine
668 2673 776 2719 rerum
790 2656 1028 2728 universitatem
1052 2662 1245 2738 significent.
1261 2656 1356 2738 Legi-

146 2783 219 2827 mus
234 2765 274 2827 ls.
289 2764 300 2826 l
306 2813 314 2845 ,
327 2766 349 2824 2
366 2765 506 2826 «Audite
519 2763 597 2826 coeli
613 2775 646 2825 et
662 2764 792 2827 auribus
804 2765 932 2845 percipe
954 2776 1048 2843 terre,
1060 2770 1212 2848 quoniam
1237 2767 1349 2828 Dumi-

140 2891 204 2938 uus
218 2875 343 2937 locutus
355 2882 414 2937 cst.
426 2873 523 2936 Filios
535 2874 650 2935 nutriri
661 2874 854 2954 ctjexulteui
871 2874 1045 2956 ipsiautcm
1058 2884 1246 2956 spreverunt
1259 2893 1310 2936 ms
1320 2893 1347 2933 s:

139 2993 175 3046 et
187 2982 272 3064 apud
284 2982 342 3047 ler.
357 2983 464 3059 llxllt,
478 2983 578 3046 st-u
589 2983 622 3046 Si
633 2983 843 3047 occultabitur
854 2986 901 3046 vir
914 2984 946 3046 in
956 2984 1143 3048 abscondito
1164 2993 1197 3046 et
1208 3001 1268 3063 ego
1281 3000 1347 3046 non

143 3094 387 3174 «vitecosum,
409 3093 486 3156 dicit
499 3092 669 3157 Dornluusi
688 3091 849 3172 Numquid
875 3110 939 3155 non
964 3094 1090 3157 coelum
1112 3103 1146 3156 ct
1158 3102 1274 3155 terram
1288 3110 1348 3167 ego

146 3229 168 3270 u
182 3207 307 3286 impleo,
320 3200 611 3266 dicitllominusiu
631 3202 747 3266 Paulus
770 3219 889 3282 ponere
914 3189 1167 3266 videturcoelum
1189 3209 1219 3262 et
1231 3209 1354 3264 terram

140 3315 227 3376 idem
240 3331 311 3378 esse
324 3330 397 3377 cum
412 3314 637 3400 mundoatouc
649 3312 799 3376 omnibus
809 3312 937 3393 quac-in
950 3329 991 3376 eo
1001 3319 1087 3375 suut.
1102 3311 1147 3373 lte
1160 3309 1245 3372 enim
1257 3311 1356 3391 Atue
1432 3304 1439 3319 “

141 3422 267 3484 nienses
280 3420 452 3501 elloquitur
467 3419 550 3502 (Act.
560 3419 653 3503 ltili,
664 3419 729 3502 ill:
745 3440 765 3486 a
780 3420 865 3484 Deus
878 3421 933 3501 qui
947 3419 1021 3482 lecit
1030 3421 1186 3483 mundum
1200 3426 1232 3480 et
1246 3420 1354 3481 omnis

141 3551 162 3592 u
177 3530 390 3611 quassantia
403 3545 455 3604 σο,
470 3529 522 3593 bio
532 3528 612 3594 coeli
623 3537 655 3591 et
665 3507 768 3593 terrm
783 3530 931 3593 dominus
946 3546 1020 3591 cum
1035 3530 1095 3603 sit,
1112 3545 1177 3591 uon
1191 3528 1222 3589 in
1237 3544 1351 3601 mauu,-

135 3661 158 3703 «
176 3619 265 3702 lectis
280 3639 411 3719 templis
440 3639 571 3705 bibisti.
585 3659 600 3697 s
615 3637 742 3703 Proieci
756 3655 885 3719 quoquc
909 3641 1081 3719 scriptores
1098 3637 1224 3701 coelum
1239 3643 1272 3695 et
1292 3642 1359 3695 ter-

144 3748 396 3826 ramaliquanilo
420 3762 608 3826 procerum
627 3744 831 3809 universitate
854 3752 1070 3826 sumpserunt,
1085 3743 1131 3804 uti
1151 3741 1306 3812 Homerus
1327 3748 1359 3819 et
1381 3727 1384 3731 ”

143 3855 247 3916 Plato.
262 3855 311 3915 Ab
325 3863 453 3916 auclore
466 3855 538 3916 libri
551 3856 595 3915 De
605 3853 717 3916 monuo
732 3852 1022 3929 cellerariorum,
1036 3849 1185 3910 delinitur
1206 3845 1354 3907 mundus:

149 3985 164 4019 «
181 3962 315 4024 blundus
330 3969 378 4022 est
389 3961 559 4022 collectum
571 3949 691 4040 aliquid
706 3979 724 4020 e
739 3961 931 4038 coeloelque
941 3966 1038 4034 terra,
1054 3961 1199 4035 atqusex
1213 3954 1251 4013 ils
1263 3961 1355 4013 natu·

151 4071 225 4131 «ris
243 4088 324 4151 quac
335 4069 417 4131 intra
429 4085 465 4131 ea
486 4069 687 4130 continentur
699 4087 728 4127 a.
745 4069 834 4133 iuxta
848 4065 1087 4131 Maiemocidcm
1109 4078 1186 4126 vere
1204 4061 1361 4138 interpre-

190 4254 206 4314 1Ι
224 4267 263 4316 De
284 4267 351 4319 Gen.
372 4272 467 4317 contra
485 4263 605 4321 Manioi.
624 4266 645 4315 l.
665 4265 693 4314 C.
713 4265 739 4316 b.
