2970 5002
129 291 212 357 tta.

133 431 223 507 leret,
247 444 343 510 quem
366 426 491 504 oidebot
508 442 568 507 per
586 424 724 509 affectunt
746 429 888 491 orontem
905 430 932 502 1,
958 422 1012 507 qui
1034 438 1110 486 eum
1123 420 1334 489 delectabilia

132 537 259 618 (cotnra
272 555 340 617 sno,
349 545 447 618 utque
460 535 651 618 in'operibnc
663 552 810 599 mannam
822 534 1081 600 mamentianos
1099 531 1128 596 ἣ.
1140 534 1243 616 Saepe
1255 532 1333 598 etiam

133 652 245 726 putare
267 661 449 724 possumus,
471 644 512 707 ad
534 643 688 706 luminare
708 642 791 718 diei,
814 644 854 705 ad
877 643 1128 723 pulcherrimum
1150 644 1234 707 iuter
1253 662 1331 726 opera

134 768 286 816 manuum
308 751 381 827 bei‚'
396 759 495 832 atqua
513 751 552 813 ad
574 751 759 813 caeruleum
781 750 1024 829 firmamentum,
1050 752 1157 832 ipsum
1173 752 1284 835 oculos
1303 771 1331 816 c·

135 863 271 938 levasse,
294 875 388 942 saepe
408 877 483 923 vero
506 859 663 921 etiamad
686 858 801 921 barbas
823 858 992 938 floresque,
1013 857 1161 941 aquibus
1182 864 1267 925 tana
1283 860 1331 924 cir·

136 946 321 1035 cumvcstita
344 977 435 1049 erat,
459 969 640 1032 inclinasse.
658 968 723 1033 Nee
749 967 866 1029 trustra
895 966 970 1029 sibi·
984 974 1112 1048 paratas
1129 971 1263 1033 credidit
1290 978 1330 1035 aa·

133 1081 228 1145 bores
249 1081 400 1162 pnloltraa
418 1082 491 1146 visu
511 1086 567 1142 aut
588 1079 657 1147 illas
686 1095 767 1158 quae
788 1077 912 1141 tructus
936 1077 1080 1143 terebant
1101 1081 1145 1144 od
1165 1072 1331 1147 concentui

135 1208 259 1268 succes,
281 1209 341 1254 nco
360 1191 530 1255 verborum
551 1189 680 1252 illorum
699 1188 819 1265 oblitus
839 1196 910 1249 est:
935 1205 979 1251 eoe
999 1189 1083 1252 omni
1105 1189 1196 1270 lipac-
1206 1188 1332 1271 persidi

134 1303 266 1366 comede.
288 1300 416 1373 Belluaa
436 1300 522 1380 ipsae
544 1298 671 1360 assidue
694 1296 800 1376 pastui
822 1295 960 1359 intentae
980 1297 1177 1361 oblivionem·
1194 1292 1272 1361 banc
1283 1296 1330 1378 ipsi

136 1409 358 1483 excessissent.
380 1408 444 1472 Nec
463 1407 520 1467 ille
535 1406 587 1467 cui
598 1404 805 1468 commissum
825 1402 928 1465 luerat
951 1411 988 1465 ut
1008 1403 1193 1483 paradisum
1212 1403 1331 1468 illumo·

132 1493 354 1596 peroretnrot
376 1513 557 1590 custodiret,
581 1512 699 1592 quique
719 1512 822 1574 donoc
844 1508 934 1573 solus
947 1518 1026 1586 erat,
1040 1511 1151 1573 utilius
1166 1504 1332 1575 ambulandi

135 1619 233 1704 qaam
254 1621 403 1703 loquendi
423 1620 605 1685 facultatem
625 1635 771 1682 exercere
803 1626 950 1699 poterat,
972 1618 1124 1684 immotus
1147 1621 1237 1682 velut
1255 1621 1330 1685 arbor
1355 1680 1357 1684 ,

137 1749 201 1794 uno
223 1733 257 1793 iu
279 1732 350 1795 loco
370 1747 495 1810 semper
517 1730 643 1809 mansit,
664 1745 786 1804 verum,
811 1736 847 1790 ut
867 1727 958 1791 facila
975 1729 1081 1809 quivis
1098 1729 1257 1810 intelligit,
1272 1728 1332 1791 illud

135 1842 316 1904 innocentis
332 1839 509 1920 voluptatis
532 1837 717 1901 viridarium
739 1839 789 1899 vel
811 1836 1056 1917 perambulavit,
1072 1837 1121 1901 vel
1142 1839 1267 1919 aliquas
1287 1839 1333 1918 sal·

137 1959 202 2013 tem
223 1949 322 2029 ipsius
343 1957 448 2028 partes
468 1949 613 2031 lustravit
634 1963 693 2008 nec
716 1962 841 2026 semper
863 1964 881 2006 a
902 1945 1032 2008 tloribus
1053 1954 1087 2008 et
1107 1947 1263 2011 fructibus
1283 1962 1334 2010 ma·

136 2075 214 2122 num
234 2056 407 2120 abstinuit:
430 2055 545 2138 quictis
566 2062 673 2121 autem
694 2053 874 2135 aliquantae
894 2054 1038 2136 lenisque
1058 2072 1156 2136 super
1189 2055 1335 2119 barbaso-

139 2168 269 2247 muique
280 2157 489 2229 'dulcedinem
510 2163 585 2246 quis
602 2163 648 2224 illi
663 2162 814 2225 invideat?
824 2163 856 2225 st
872 2149 994 2227 intanto
1007 2162 1056 2225 illi
1066 2164 1161 2226 variis
1171 2160 1335 2253 huiusmodi

137 2282 169 2335 et
190 2273 427 2337 delectabilibus
448 2275 712 2353 occupationibus
735 2272 848 2353 (eoque
867 2273 975 2351 magis·
1001 2273 1267 2354 delectabilibus,
1285 2290 1335 2357 quo

138 2383 238 2463 magis
259 2383 389 2446 luerunt
409 2381 525 2462 variae)
547 2368 611 2446 nox
630 2383 834 2463 supervenit3
858 2389 1018 2462 quantum
1040 2389 1193 2463 putamus
1214 2393 1334 2448 manum

72 2523 74 2527 <
138 2493 238 2571 ipsius
259 2499 353 2571 atqua
371 2489 480 2554 oculos
495 2490 668 2570 perculisse
682 2489 758 2553 solis
778 2507 939 2571 occasum,
954 2492 1213 2571 crepuscularcm
1236 2494 1334 2570 lucam,

136 2601 264 2677 lunam,
283 2599 426 2680 planetas
449 2599 833 2678 atqueinnumerabilem
853 2599 940 2662 illam
963 2601 1130 2666 stellarum
1148 2602 1337 2668 vimlllomi·

137 2724 212 2771 nem
232 2709 271 2770 ad
292 2707 460 2786 imaginem
480 2708 538 2769 Dei
559 2706 678 2771 lactum
701 2715 888 2788 poterantne
908 2709 1001 2772 bruta
1021 2712 1333 2777 totumaibivindioa·

108 2860 116 2874 .
142 2832 189 2892 re,
211 2812 238 2875 si
258 2813 305 2875 illi
325 2820 410 2876 tauta
431 2814 535 2876 inerat
554 2814 698 2893 scientia,
721 2821 872 2895 quantam
894 2816 926 2877 in
950 2833 989 2880 eo
1009 2816 1107 2880 fuisse
1127 2819 1248 2884 docent
1267 2820 1339 2882 ibeo·

140 2921 221 2998 logii
241 2918 274 2983 Sl
290 2938 351 3001 per
371 2919 725 3000 inteliipibilesoffcctoc
738 2922 796 2984 Dei
808 2921 1337 3013 Deemclorinooopnotoabotonon

97 3023 102 3033 '
141 3029 229 3090 modo
250 3045 486 3109 copnosoomns,
511 3035 548 3091 ut
567 3029 660 3092 docet
677 3030 708 3092 S.
732 3029 867 3093 Thomas
890 3031 931 3092 θ’)
950 3032 1003 3113 Si,
1024 3041 1062 3097 ut
1081 3034 1162 3099 dixit
1183 3037 1336 3117 Gregorius

140 3135 225 3216 Papa
242 3135 270 3210 t,
294 3137 325 3197 iu
349 3135 504 3199 Porodiro
524 3135 611 3200 domo
630 3137 725 3202 corbo
744 3141 803 3202 Dei
819 3140 1057 3222 perfrueboter3
1081 3151 1112 3208 et
1133 3143 1338 3208 bonomomdo·

140 3243 280 3326 pelorum
289 3245 471 3326 spiritibus,
486 3245 591 3310 cordia
603 3247 760 3311 munditia
779 3225 810 3312 a't
830 3250 1013 3315 celsitudine
1025 3252 1171 3334 visionis,
1185 3251 1338 3318 intererat?

140 3352 174 3413 Si
188 3354 292 3414 animo
311 3354 408 3433 primi
431 3353 563 3418 leontinis
586 3355 841 3422 eoeoellentiorom
862 3357 986 3423 neodem
1005 3361 1190 3440 copnitionia
1211 3363 1338 3442 dedoce-

141 3458 183 3523 iis
204 3458 346 3539 babebat,
363 3442 454 3542 quom
476 3478 532 3525 nos
552 3461 730 3542 bedonniam
752 3467 827 3547 quio
849 3467 916 3539 cies
935 3456 1067 3547 co'pnitio
1088 3476 1160 3533 orot
1178 3470 1338 3552 monnon-

142 3582 176 3635 to
197 3576 228 3632 et
248 3570 320 3650 fiooo
339 3571 426 3633 oiroo
445 3571 601 3634 interiore
622 3573 860 3656 inteilipibilio3
883 3591 976 3657 quom
1008 3578 1142 3659 copositio
1163 3587 1292 3660 nostro,
1311 3582 1338 3641 ut

139 3680 186 3744 aaa
217 3679 364 3742 tauonus
385 3677 524 3758 Aquinas
542 3679 585 3739 aa
606 3680 639 3744 st
658 3683 781 3765 naam,
803 3685 910 3767 atiquo
933 3698 1051 3766 sensu,
1073 3685 1217 3757 omnum
1245 3670 1339 3755 nancti

170 3965 186 4016 1
205 3967 232 4019 S·
249 3964 300 4017 Tb.
319 3966 342 4017 Ι.
360 3968 390 4020 Ρ.
408 3979 437 4036 q.
455 3964 544 4024 tutat·
570 3978 611 4022 ar.
629 3967 655 4024 1.
674 3964 709 4022 'ad
726 3967 756 4024 d·

173 4061 408 4117 zffimub

175 4156 371 4211 dffidmc

173 4252 349 4308 dDffldb

175 4351 468 4410 bffldmbmc
