2970 5002
169 273 227 341 loo

165 419 325 479 contractu
348 419 376 475 et
398 410 526 476 collecte
549 412 627 492 luce,
646 418 771 476 noctem
794 431 863 477 esse
885 416 1130 480 inclamasserit.
1146 414 1234 480 Hane
1258 419 1378 499 opinio

164 543 237 588 nem
259 528 486 599 commemorat
498 522 693 599 Augustinus
709 524 748 582 de
760 522 836 585 Gen.
859 525 899 586 ad
913 525 970 587 Lit.
986 525 1018 586 L.
1032 526 1055 588 l.
1077 544 1105 586 c.
1122 527 1170 588 16.
1198 549 1213 585 «
1229 527 1378 591 Emissio·

162 656 181 696 u
204 650 275 696 nem
299 648 373 694 vero
394 614 701 709 contractionemque
723 630 801 693 lueis
818 632 913 711 illius,
930 633 955 694 si
968 633 1100 696 velimus
1116 635 1202 698 diem
1232 643 1376 698 noctem·

74 758 76 762 ¹
167 765 181 800 «
203 758 264 820 que
288 738 470 816 intelligere,
497 754 554 797 nec
572 752 701 798 causam
722 739 865 800 videmus
887 756 944 801 cur
960 740 1001 800 ita
1017 740 1115 803 ficret:
1133 760 1194 803 non
1211 743 1373 817 animiam

161 874 180 913 u
202 854 291 912 erant
310 846 456 907 animalia
486 844 601 922 quibus
622 843 699 904 haee
720 845 903 908 vicissitudo
933 848 1100 909 salubriter
1123 847 1371 913 exhiberetur.»

157 959 245 1021 ldem
265 956 348 1016 hanc
369 951 555 1014 sententiam
578 949 672 1013 refert
692 957 727 1014 ut
748 970 811 1016 non
833 951 1083 1031 improbabilem.
1099 958 1132 1018 L.
1151 955 1199 1016 lV.
1223 974 1251 1016 c.
1269 958 1299 1018 3.
1317 957 1368 1018 Ba·

158 1065 247 1126 silius
270 1063 416 1142 (etcum
437 1074 475 1120 ee
496 1057 696 1137 Procopius)
720 1059 798 1120 illud
820 1059 930 1121 diuisit
963 1059 1098 1151 lucem...
1122 1061 1366 1139 interpretatur:

155 1176 211 1236 lrec
233 1179 279 1234 est
303 1176 508 1247 utrarumque
525 1174 672 1229 naturum
693 1168 855 1230 mimiernc
876 1167 1095 1250 cuiuscumque
1121 1171 1319 1249 incapacem,
1342 1178 1368 1232 et

155 1281 292 1346 alterurn
312 1276 409 1339 elteri
429 1291 472 1336 ee
493 1273 626 1335 aduerso
645 1274 818 1354 oppositam
838 1277 922 1340 Deua
941 1276 1090 1340 reddidit.
1116 1278 1196 1340 Cum
1222 1281 1366 1341 tenebrae

156 1389 222 1451 sint
242 1387 323 1448 lucis
345 1383 501 1462 defectus,
524 1388 679 1462 repugnat
700 1389 833 1463 utraque
847 1386 942 1449 simul
956 1386 1117 1448 exsistere:
1145 1405 1320 1467 numquam
1336 1388 1363 1450 in

154 1495 267 1558 eedem
288 1494 358 1555 loco
380 1496 412 1552 et
432 1496 574 1570 tempore
595 1490 672 1552 lucis
693 1507 730 1552 ac
752 1492 954 1555 tenebrarum
969 1495 1102 1556 societas
1124 1497 1286 1574 possibilis
1309 1503 1362 1574 est,

154 1604 297 1682 adeoque
327 1598 463 1662 essentia
484 1601 552 1678 ipsa
574 1617 630 1662 sua
651 1600 768 1661 divisae
789 1607 873 1662 sunt.
897 1600 981 1663 Deus
1011 1611 1173 1680 praeterea
1195 1604 1307 1682 voluit,
1329 1615 1361 1666 ut

152 1727 256 1790 neque
277 1718 445 1789 perpetuo,
469 1726 569 1789 neque
591 1708 730 1770 inomni
753 1709 824 1771 loco
846 1709 911 1771 sire
933 1710 988 1772 lux
1002 1711 1068 1773 sive
1087 1712 1236 1774 tenebrae
1257 1714 1358 1777 domi-

149 1826 313 1895 narentur,
335 1818 391 1878 sed
412 1833 469 1879 sua
490 1833 586 1894 regna
609 1818 749 1896 utrisque
771 1816 886 1880 divisit.
1093 1820 1096 1826 '

189 1925 324 1986 xxxvl.
349 1924 432 1984 lleus
455 1924 553 1987 lucem
576 1924 655 2004 (seu
676 1923 755 1984 lucis
778 1923 924 2004 tempus)
947 1926 1120 2006 appellauit
1135 1928 1217 1991 diem
1233 1938 1262 1992 et
1282 1937 1362 1992 tene.

149 2032 223 2093 bruc
249 2033 258 2111 l
273 2030 473 2092 tenebrarum
500 2039 634 2109 tempus)
651 2038 770 2091 tractem
785 2029 794 2110 (
808 2047 836 2091 v.
860 2031 890 2092 5.
906 2030 928 2111 ).
943 2032 1042 2094 Latini
1064 2035 1236 2115 aliquando
1250 2054 1267 2096 e
1282 2053 1356 2097 enn-

148 2139 346 2202 rersodiem
368 2141 470 2217 ipsum
493 2139 596 2200 lucem
619 2144 743 2215 vocant,
765 2137 942 2199 cuiusmodi
963 2147 1012 2200 est
1027 2141 1108 2203 illud
1131 2141 1237 2202 Tullii:
1256 2141 1358 2207 Gente-

146 2249 228 2310 sime
250 2246 310 2307 lucc
331 2246 404 2308 boec
428 2245 529 2330 cst-ub
543 2246 676 2307 interitu
690 2245 725 2305 P.
741 2244 849 2306 Clodii.
863 2244 943 2307 Sane
958 2248 1095 2328 simplex
1118 2258 1202 2311 esset
1217 2252 1275 2331 qui
1288 2269 1353 2312 cre-

148 2357 237 2418 deret
257 2357 358 2420 Deum
381 2366 456 2419 tunc
477 2355 533 2418 has
554 2370 884 2435 voees,.quamquam‚
897 2373 991 2418 nemo
1005 2357 1147 2436 audiret,
1171 2359 1351 2438 protulisse,

143 2465 293 2529 nimirum
312 2482 369 2543 per
391 2435 601 2544 vacuaspatla
616 2478 762 2525 resonare
774 2462 894 2526 fecisse.
918 2482 936 2523 u
960 2462 1108 2527 Nondum
1121 2466 1160 2528 de
1175 2469 1355 2529 nominibus

143 2595 162 2636 n
185 2575 343 2652 agebatur,
360 2573 403 2637 ait
415 2573 620 2651 Augustinus,
639 2578 747 2650 postea
761 2572 899 2635 adbibita
920 2581 996 2638 sunt
1021 2574 1173 2636 vocabula
1186 2583 1219 2637 et
1233 2576 1301 2638 dies
1325 2583 1354 2665 et

142 2690 281 2747 anon.»
307 2681 511 2762 Appelluuit,
533 2683 724 2761 metonymia
737 2687 794 2744 est:
819 2662 1011 2744 voluitDeus
1032 2688 1068 2745 ut
1086 2683 1193 2764 aliquo
1218 2691 1354 2764 ternpore

139 2792 198 2852 lux
214 2799 357 2868 regnaret
381 2797 412 2851 et
427 2789 459 2851 id
474 2790 607 2852 ediceret
625 2790 715 2877 quod
741 2789 856 2852 dicitur
874 2789 952 2866 dies,
977 2791 1082 2870 alique
1115 2808 1189 2854 vero
1214 2801 1352 2872 ternpore

139 2905 309 2974 regnarent
332 2896 478 2960 tenebrae
490 2915 546 2976 per
558 2915 635 2976 quas
653 2896 693 2976 (i.
711 2914 739 2957 e.
756 2914 796 2960 ex
810 2896 888 2959 locis
903 2896 1046 2977 defectu)
1065 2897 1115 2959 ille
1127 2916 1235 2960 rerum
1251 2908 1347 2961 status

140 3007 330 3084 producitur
356 3023 452 3087 quern
478 3006 612 3070 dicimus
627 3015 762 3068 noctem.
778 3028 792 3064 n
810 3005 1009 3084 lntelligitur,
1023 3006 1114 3068 docet
1126 3024 1152 3068 s.
1166 3007 1302 3069 Tlromas
1314 3012 1344 3085 ,1,

143 3135 157 3172 n
183 3114 298 3196 ubique
323 3133 379 3196 per
401 3102 472 3192 lloc,
495 3116 581 3196 quod
604 3115 717 3179 dicitur
730 3116 865 3190 cecavit,
881 3115 901 3176 i.
916 3133 943 3176 e.
961 3116 1046 3176 dedit
1068 3102 1212 3178 naturam
1228 3125 1260 3176 et
1276 3135 1344 3197 pro-

141 3245 154 3279 «
178 3225 343 3302 prietatem
367 3232 402 3287 ut
424 3225 522 3304 possit
542 3224 587 3286 sie
608 3225 721 3288 vecari.
746 3247 760 3282 u
794 3225 957 3286 Praeterea
977 3224 1104 3285 nomina
1118 3223 1294 3302 imponere,
1309 3225 1346 3286 si-

137 3346 236 3405 gnnm
247 3330 376 3392 dominii
390 3338 447 3391 est:
463 3347 531 3392 mos
546 3331 630 3393 enim
642 3333 726 3411 apud
737 3331 905 3393 orientales
920 3339 1029 3410 gentes
1044 3331 1217 3409 obtinebat,
1235 3338 1273 3393 ut
1295 3330 1347 3410 qui

136 3436 266 3496 alterius
287 3437 427 3499 dominio
448 3438 667 3513 subiceretur,
692 3457 808 3501 nomen
828 3441 868 3500 ab
898 3442 969 3522 ipso,
990 3441 1156 3518 acuperet.
1172 3439 1181 3519 (
1196 3439 1245 3500 lV.
1272 3422 1346 3516 Reg.

134 3541 242 3620 lllllll,
265 3541 508 3620 ac;ixxlv,17;
528 3545 605 3607 llan.
628 3545 652 3606 l.
666 3547 698 3622 o,
721 3546 776 3626 7).
799 3547 901 3618 Quum
918 3546 1003 3609 Adae
1025 3546 1201 3608 dominium
1226 3549 1260 3608 in
1283 3550 1345 3608 ani-

136 3652 230 3712 malia
245 3652 440 3732 conceditur,
454 3653 575 3732 primus
589 3655 656 3716 eius
679 3655 809 3717 dominii
823 3664 911 3719 actus
927 3637 1091 3717 nominum
1110 3654 1272 3734 impositio
1287 3665 1342 3720 est.

59 3769 63 3775 ’
95 3837 96 3841 ¹
136 3757 195 3838 (ll.
222 3759 299 3821 Gen.
324 3760 374 3822 19.
389 3759 412 3839 ).
435 3761 504 3822 Pari
525 3762 633 3840 modo,
656 3762 714 3823 hae
736 3764 900 3824 nominum
922 3763 1133 3842 impositione,
1157 3779 1344 3841 supremum

132 3866 185 3927 llei
208 3868 384 3930 dominium
406 3869 437 3930 in
461 3870 545 3931 diem
566 3877 598 3930 et
614 3878 757 3961 ⁵nectent,
778 3871 864 3948 (pund
885 3876 933 3932 est
956 3870 986 3930 in
1009 3887 1103 3931 omne
1126 3875 1270 3948 ternpus,
1293 3871 1342 3931 bic

128 3974 259 4035 indicari
282 3977 414 4053 videtur,
439 3979 484 4037 uti
507 3978 614 4056 paullo
639 3985 710 4056 post
736 3974 804 4054 (rr.
821 3980 850 4056 8,
870 3977 929 4057 tot
953 3977 1127 4041 dominium
1149 3975 1205 4038 llci
1221 3978 1254 4038 in
1278 3995 1347 4040 eoe-

48 4346 54 4358 ·
159 4333 172 4380 1
195 4332 217 4379 l.
239 4333 264 4379 P.
287 4344 312 4394 q.
334 4329 376 4382 63,
398 4342 435 4380 ar.
456 4329 481 4377 2.
503 4327 529 4385 in
549 4328 609 4381 bne.
