2970 5002
1299 358 1355 426 211

114 492 217 574 .Spir.
236 494 266 558 S.
288 490 475 571 tonsillas,
498 490 553 570 qai
574 483 853 556 intonasser'lores
874 490 968 556 buius
992 494 1167 560 sententiae
1199 498 1313 567 citatur
1337 523 1356 565 a

132 605 177 666 lo.
205 604 474 667 Thessalonicensi
497 598 536 665 ¹2.
564 602 698 665 Basilius
737 586 898 682 praeterea
923 603 940 653 ³
970 609 1042 666 ante
1079 608 1237 671 mundum
1262 612 1357 674 huna

132 713 300 776 mutationi
326 710 584 793 corruptionique
609 712 786 775 subiectum
812 715 1010 794 superiorem
1046 717 1218 796 quamdam
1247 719 1354 781 lucem

133 821 232 883 luisse
259 820 438 900 suspicatus
466 827 536 898 esl,
573 827 745 900 nostraque
780 822 1050 902 splendidiorem,
1078 824 1112 884 in
1147 840 1209 904 qua
1241 824 1358 903 Angeli

132 930 304 1007 degerent:
321 946 395 992 mon
419 946 495 991 uero
520 937 556 991 ut
583 929 708 992 coelum
736 924 900 994 conditum
919 937 997 1009 est,
1026 932 1058 993 in
1080 932 1211 1010 regiona
1236 948 1354 1012 super-

131 1039 268 1101 coelesti
284 1036 387 1100 lucem
412 1037 497 1100 illam
521 1038 691 1114 mansisse,
719 1045 750 1099 et
773 1039 944 1101 interclusa
973 1039 1177 1103 inferioribus
1209 1041 1353 1122 part-ibus

134 1147 207 1208 luce
243 1145 372 1207 coelesti
408 1147 449 1208 ob
476 1146 698 1225 interpositum
726 1147 807 1209 coeli
834 1164 972 1228 corpus,
1001 1149 1147 1211 tenebras
1184 1152 1357 1229 occoepis·

135 1272 181 1316 se.
215 1254 294 1316 Hinc
320 1255 633 1318 autem'ostendilur
657 1253 690 1317 in
724 1272 765 1318 ea·
793 1258 949 1319 sententia
982 1257 1133 1321 Basiliam
1157 1257 1280 1333 fuisso,
1319 1263 1357 1321 ut

106 1428 109 1434 ,
134 1370 262 1444 pataret
285 1364 379 1441 longe
407 1371 479 1426 ante
503 1365 658 1444 epocham
685 1364 798 1442 illam,
824 1384 905 1447 quac
929 1368 1041 1429 muudi
1064 1368 1191 1429 creatio
1207 1367 1347 1440 dicitur,

135 1489 239 1536 veram
263 1474 434 1554 quamdam
459 1472 585 1548 lucem,
617 1490 698 1554 qaae
721 1476 766 1539 uti
791 1476 870 1538 haec
895 1482 1000 1539 nostra
1019 1466 1154 1538 ‘abieoto
1169 1474 1262 1556 opaci
1276 1491 1350 1538 cor-

135 1583 222 1659 poris
248 1581 511 1662 interciperetur,
537 1590 677 1646 creatam
702 1583 811 1647 luisse.
833 1584 1022 1647 Severianus
1046 1583 1252 1645 Gabalitanus
1267 1585 1284 1634 l
1301 1584 1352 1646 lu-

133 1704 202 1750 cem
230 1688 334 1768 primo
358 1690 409 1751 dio
431 1689 568 1762 lactans,
587 1690 785 1772 ·ipaemesse
799 1692 875 1755 dicit
896 1740 903 1771 ,
926 1699 958 1754 et
983 1690 1081 1753 addit:
1113 1711 1127 1747 a
1153 1689 1214 1751 Sed
1242 1691 1350 1752 coele-

135 1804 235 1860 a'stes
261 1806 388 1880 quoque
403 1800 551 1864 'Virtutes
576 1802 784 1880 sont·ignis;
810 1819 847 1864 ac
874 1800 1020 1882 superior
1035 1800 1095 1861 ille
1119 1799 1200 1877 ignis
1235 1807 1349 1863 nostro

133 1905 248 1968 «buia
271 1906 473 1989 inferiorique
499 1915 652 1987 cognatus
676 1916 727 1972 est
751 1927 780 1970 ».
810 1907 857 1972 Ex
880 1908 997 1990 quibus
1023 1906 1172 1970 omnibus
1198 1905 1355 1986 sequitur,
1407 1974 1410 1979 ,

133 2015 289 2093 quosdam
321 2032 361 2077 ex
383 2017 553 2096 Patribus,
578 2035 642 2082 non
668 2019 766 2082 mado
789 2035 880 2080 veros
905 2017 1041 2097 Spiritus
1070 2015 1134 2075 sive
1162 2013 1353 2092 intelligen-

133 2121 214 2200 tias,
241 2122 297 2184 sed
319 2130 352 2186 st
375 2124 493 2205 aliquid
526 2141 744 2206 corporeum,
771 2122 996 2206 adspectabilis
1016 2121 1111 2185 huius
1142 2120 1254 2184 mundi
1283 2119 1353 2184 lor-

134 2231 275 2296 matioae
289 2232 429 2296 anterius
444 2233 598 2314 posuisse.

167 3088 183 3138 1
202 3083 229 3138 c.
243 3085 310 3140 xvl.
326 3083 373 3140 ubi
391 3083 438 3140 ait:
458 3099 473 3136 a
491 3082 643 3142 Substantia
662 3082 769 3152 quidem
789 3083 907 3152 ipsarum
928 3082 1105 3148 (coelestium
1123 3080 1279 3146 virtutum)
1305 3083 1360 3149 spl·

130 3181 226 3243 rituo‚
251 3188 316 3250 puto
331 3218 340 3249 ,
358 3190 399 3236 cst
416 3183 568 3237 attineant
586 3183 658 3251 ignis
676 3197 769 3251 expers
789 3182 926 3235 materiae.
947 3199 961 3229 a
981 3179 1092 3240 Videtur
1111 3179 1220 3230 Patauio
1238 3176 1356 3232 Basilius

130 3292 186 3332 nan
204 3280 271 3330 satis
288 3263 342 3332 sibi
359 3288 481 3335 constare
497 3282 506 3342 l
523 3283 561 3332 lta
577 3281 646 3348 ling.
666 3283 688 3333 l.
707 3294 731 3333 c.
750 3280 778 3330 2.
798 3277 876 3344 dl.)
894 3277 955 3343 qnia
976 3279 1004 3327 ι..
1028 3274 1121 3325 coar:
1138 3271 1253 3324 Eanum.
1279 3281 1306 3327 et
1325 3275 1356 3327 in

132 3375 244 3429 homilia
261 3377 288 3427 in
306 3391 358 3444 qua
376 3381 460 3430 Deum
478 3391 531 3431 non
548 3391 608 3430 esse
625 3378 757 3430 malornm
770 3384 904 3430 auctorem
918 3375 1022 3443 probat,
1037 3373 1168 3441 daapaeaa
1183 3370 1234 3422 boc
1246 3377 1288 3423 ast
1301 3384 1359 3424 car·

126 3485 195 3539 para
214 3478 351 3525 carentem
369 3481 491 3526 naturam
508 3474 672 3539 Angelorum
691 3474 774 3541 ponit.
803 3475 838 3524 At
856 3472 904 3523 hoa
929 3472 996 3524 nihil
1015 3478 1064 3524 est.
1084 3471 1169 3523 Etiam
1198 3467 1355 3525 severianas

133 3569 309 3622 Gabalitanos
328 3568 468 3623 intellectu
485 3571 620 3636 praeditas
646 3577 671 3622 ct
699 3571 867 3638 incorporeos
891 3570 1003 3637 spiritus
1033 3566 1181 3635 (ticcam
1200 3547 1357 3637 serapam)

134 3667 203 3718 dicit
217 3666 341 3731 nugales,
361 3673 388 3720 et
405 3673 493 3720 minan
511 3680 608 3734 corpus
628 3668 744 3732 igneum,
771 3671 818 3718 aut
835 3667 923 3734 potius
941 3682 971 3720 ax
990 3667 1050 3733 igne
1068 3675 1096 3719 et
1113 3673 1182 3728 aera,
1201 3667 1240 3718 eis
1254 3661 1356 3718 tribuit.

134 3764 293 3828 incorporea
311 3761 441 3817 uocabant
459 3770 561 3818 valeres
579 3762 628 3815 illa
645 3777 713 3829 quaa
730 3775 820 3815 crassa
845 3769 870 3815 ot
889 3761 1018 3830 palpabili
1036 3762 1147 3815 materia
1165 3769 1263 3814 carent.
1293 3763 1355 3816 cae·

133 3860 223 3911 sarius
241 3862 249 3922 (
269 3861 338 3913 Dial.
359 3864 381 3914 l.
395 3864 452 3914 'lot
471 3861 543 3925 48.)
568 3842 765 3915 immaterialia
794 3859 859 3912 dicit
881 3859 1173 3926 corporaangclarnm.
1192 3861 1358 3927 lnaarparei,

135 3960 184 4022 ait,
203 3967 265 4014 sunt
282 3959 427 4015 secundam
456 3974 516 4024 aaa,
536 3972 631 4028 corpus
656 3973 719 4012 uara
752 3957 900 4011 seeundum
926 3971 981 4008 acac
1003 3954 1226 4021 quamadmodum
1251 3962 1360 4021 uentus,
1458 3965 1461 3969 ·

136 4064 187 4108 aut
203 4057 303 4124 samus,
314 4066 364 4113 oct
382 4063 439 4112 adr.-
459 4064 523 4112 suot
541 4059 615 4111 caim
634 4056 725 4109 tenuia
743 4064 766 4108 ct
798 4054 998 4108 immaterialia
1017 4067 1129 4122 corporo
1147 4060 1270 4108 amostra
1288 4065 1360 4106 croa-

130 4158 250 4210 sitadine
268 4164 380 4210 secreta.

174 4254 193 4305 2
213 4258 241 4306 ln
260 4255 331 4307 nial.
351 4254 420 4307 lecto
438 4255 465 4307 in
483 4253 653 4308 aecumenica
670 4252 774 4321 synoda
793 4255 850 4312 llll.
872 4261 923 4307 act.
943 4251 968 4306 l.
989 4265 1015 4319 p·
1036 4250 1096 4306 dli.
1116 4248 1161 4302 ed.
1183 4251 1262 4302 Ram.

177 4353 294 4404 3Hom.
313 4352 342 4403 2.
360 4354 387 4406 in
406 4354 539 4406 Romaim.
1225 4348 1229 4354 ’

174 4449 315 4506 dilucul-
335 4463 361 4506 ct
379 4450 418 4504 Dc
436 4449 535 4511 Mundi
555 4449 631 4516 Opis.
