2970 5002
284 207 290 221 ι
1039 194 1056 223 Χ

131 270 174 333 ee

133 402 360 486 suiprioricum,
380 396 631 480 pirorpiaoricum,
657 399 690 458 et
709 393 895 476 auiptortto
910 397 942 456 ct
956 391 1138 458 citiorureto
1159 399 1225 461 etc.
1239 392 1340 460 Exbis

135 510 422 577 combinationibua
443 524 523 570 nora
544 506 660 568 liebaut
682 505 874 567 incrementa
904 504 1020 568 caloris
1043 510 1075 566 et
1107 503 1202 566 lueis.
1226 504 1340 568 Interea

134 621 213 682 istae
233 617 399 700 synthoses
418 623 451 677 et
471 613 709 676 combustiones
731 628 793 674 una
814 628 887 674 cum
908 611 979 673 luce
998 618 1030 674 et
1054 612 1180 688 calore,
1206 628 1338 692 quorum

133 734 167 786 ct
186 726 316 787 effeetus
339 698 429 786 erant
450 730 483 782 et
502 737 636 797 causae,
659 738 717 800 per
737 719 875 799 spatium
896 717 1166 780 diffundebantur.
1184 717 1283 780 Plura
1295 719 1340 781 ad·

53 847 61 858 ·
134 836 165 895 di
187 842 333 913 possent,
355 841 388 894 et
410 841 538 893 neccsse
558 847 621 893 non
642 838 699 891 est:
714 828 887 891 hueeenim
909 830 977 908 ipsa
990 826 1124 890 fortasse
1149 824 1339 895 nimianon-

133 940 229 1002 nuiiis
250 939 452 1000 uidebuntur.
477 938 572 1015 linge
593 955 679 999 nunc
700 943 913 1018 spectatorem
934 934 1074 1015 aliquem
1095 933 1128 996 in
1151 934 1259 1014 spatio
1280 935 1338 998 col-

133 1048 283 1124 locatum,
306 1049 444 1128 atquein
466 1046 614 1108 tellurem
628 1061 738 1106 recens
759 1051 867 1106 natam
902 1043 1069 1106 oculorum
1100 1041 1208 1104 aciem
1242 1043 1338 1106 inten-

133 1158 271 1219 dentem.
305 1155 384 1228 Quid
406 1157 464 1217 ista
486 1154 677 1234 perspiciet?
697 1152 852 1234 Principio
873 1152 1001 1233 quidem
1023 1149 1122 1227 nibil,
1144 1153 1225 1234 qaia
1258 1160 1335 1216 tene·

133 1265 209 1325 brae
229 1271 303 1326 sunt
323 1279 419 1341 caspar
441 1262 555 1341 sociem
575 1258 695 1340 abyssi:
710 1266 782 1340 post
805 1270 926 1323 metum
947 1277 1020 1324 vero
1043 1268 1169 1342 tempus
1184 1261 1337 1326 lucenari-

135 1370 247 1445 dcbit,
270 1370 360 1430 initio
382 1368 513 1432 sortasse
535 1368 693 1430 modicam
731 1383 767 1428 ac
793 1369 912 1448 lenem,
934 1375 967 1431 at
987 1368 1133 1431 celeriter
1151 1375 1336 1433 crescentem

131 1489 164 1537 et
185 1476 271 1537 brevi
295 1493 369 1554 prae
391 1474 489 1536 nimio
510 1474 632 1552 fulgore
651 1450 1006 1556 alinm‘quemcurnque
1025 1475 1127 1538 oculis
1150 1474 1256 1540 visam
1269 1492 1334 1556 pro·

133 1585 305 1645 bibentem.
330 1582 415 1660 Ergo
438 1589 550 1644 natura
573 1584 640 1664 ipsa
661 1583 746 1645 adid
768 1601 826 1646 nos
847 1583 987 1661 adducit,
1000 1591 1037 1645 ut
1057 1583 1232 1664 fateamur,
1254 1599 1335 1646 unam

133 1692 212 1753 lucis
233 1692 462 1771 adpetitionem
485 1691 623 1770 primum
647 1691 678 1752 in
701 1692 815 1753 tellure
836 1691 1076 1772 phaenomenon
1100 1689 1211 1753 luisse.
1234 1690 1331 1771 Neque

133 1802 163 1862 in
186 1799 246 1861 lroc
267 1800 439 1881 quidquam
468 1815 542 1860 casu
565 1798 613 1860 vel
637 1799 940 1872 temeresecidebat,
956 1798 1011 1861 scd
1025 1798 1131 1860 omnia
1150 1798 1336 1880 imperiose·

131 1913 287 1987 gobantur
307 1920 339 1971 et
360 1909 511 1989 sapientia
532 1907 699 1970 Crantoris.
717 1906 846 1970 Dicebat
870 1907 963 1971 Deus:
985 1907 1028 1970 sit
1051 1907 1120 1984 lam,
1145 1907 1277 1972 iubebat
1295 1909 1334 1971 ni·

131 2021 247 2080 anirum
262 2018 378 2095 iucem,
395 2016 427 2076 h.
443 2033 472 2078 e.
495 2015 633 2078 calorem
653 2016 843 2078 luminosum
856 2017 920 2079 sive
936 2017 1039 2094 ignem
1060 2016 1216 2096 adparere
1230 2024 1262 2080 et
1274 2021 1337 2080 tune

131 2135 163 2189 et
174 2133 305 2206 postea,
328 2125 594 2206 quandocumque
619 2125 782 2204 chymicae
809 2124 1056 2189 combinationes
1068 2127 1144 2187 satis
1159 2125 1280 2189 validae
1293 2125 1335 2188 lic·

130 2245 218 2312 rent;
239 2235 366 2314 eiusque
393 2235 526 2314 imperio
547 2233 809 2312 obtemperabant
831 2248 988 2312 corpora,
1017 2235 1334 2313 quemadmodumci
1380 2302 1382 2313 ¹

18 2409 26 2429 ‚
130 2357 216 2404 nunc
231 2342 262 2403 in
274 2341 440 2402 luminosis
450 2339 751 2417 combinationibus,
764 2356 846 2419 quae
861 2347 936 2401 suot
949 2339 1202 2420 combustiones,
1229 2343 1336 2405 obtem·
1380 2360 1382 2365 ·

130 2458 254 2531 perant.
266 2450 359 2511 Sacer
369 2450 505 2528 scriptor
525 2466 652 2510 causam
667 2455 787 2510 tentum
801 2448 946 2527 primam,
961 2463 1082 2529 nempe
1093 2447 1150 2510 bai
1166 2450 1336 2530 imperium,

130 2567 163 2618 et
182 2557 328 2618 ellectum
349 2555 505 2617 visibilem
525 2555 653 2632 indicat;
667 2555 706 2616 de
720 2556 790 2617 aliis
804 2554 968 2616 effectibus
982 2560 1075 2616 tacet.
1089 2553 1169 2617 Cum
1182 2558 1270 2618 enim
1283 2573 1336 2620 nou

129 2665 161 2725 id
183 2665 240 2726 sibi
257 2664 496 2744 praestituisset,
509 2668 545 2724 ut
563 2665 800 2741 cosmogoniam
815 2672 870 2724 eut
883 2663 1040 2742 chymiem
1060 2665 1189 2726 doceret
1203 2664 1335 2729 llebmc·

20 2790 24 2796 ·
129 2790 189 2850 os,
211 2790 274 2835 non
295 2780 362 2833 erat
384 2771 438 2832 lini
461 2788 520 2834 suo
544 2771 754 2833 necessarium
776 2777 811 2833 ut
830 2772 870 2832 de
887 2769 999 2830 ceteris
1021 2771 1199 2834 institueret
1222 2791 1337 2836 sermo·

131 2897 216 2941 ncm.
240 2880 277 2946 Ni
301 2880 403 2958 lalior,
428 2879 506 2941 baec
526 2881 583 2941 lux
603 2881 739 2941 mosaica
759 2880 839 2943 adeo
853 2879 1018 2941 manifesta
1039 2879 1183 2961 adparet,
1199 2891 1238 2946 ut
1251 2884 1335 2946 aliam

130 2989 234 3049 iucem
255 2989 396 3050 studiose
418 3004 581 3067 quaerere,
594 2987 677 3048 idem
692 2988 767 3048 mihi
790 2987 931 3050 videatur
950 3006 987 3050 ac
1009 2987 1166 3053 fumosam
1189 3009 1232 3054 ex
1247 2993 1337 3056 viiie·

131 3097 204 3175 dipe
225 3097 348 3160 taedam
368 3097 539 3159 accendere
561 3095 637 3158 dum
659 3096 705 3158 sol
731 3096 761 3156 in
783 3097 915 3159 meridie
937 3096 1070 3174 refulget
1088 3099 1116 3156 1.

165 3412 180 3460 1
199 3412 270 3460 lianc
288 3405 488 3474 explicationem
506 3407 615 3476 exposui
633 3408 661 3461 in
684 3408 871 3463 dissertatione
886 3409 955 3464 edite
969 3414 1069 3465 Romae
1080 3427 1149 3466 anua
1169 3414 1241 3469 1839
1254 3418 1281 3470 in
1293 3419 1340 3469 Aa·

129 3509 190 3557 uitii
207 3506 276 3557 delle
293 3509 395 3558 sciaena
407 3507 528 3572 reltqioae
542 3508 602 3560 Vei.
616 3511 671 3562 iilll
684 3507 750 3560 fasc.
761 3505 864 3571 xxiv..
873 3511 921 3560 iroc
934 3512 1021 3565 ritulo:
1035 3512 1139 3576 Sepeia
1150 3515 1225 3569 auito
1244 3517 1342 3568 doceo·

130 3602 211 3666 portio
229 3603 390 3668 Epiziono,
409 3617 475 3670 quae
493 3603 590 3668 gallice
616 3603 687 3657 edita
706 3612 746 3658 est
765 3607 873 3658 Parisiis
891 3607 964 3657 Aeo.
991 3605 1024 3660 de
1053 3606 1157 3660 Piritua.
1176 3609 1336 3664 circationes.

131 3698 209 3749 idid.
230 3701 260 3751 Τ.
282 3699 307 3752 i.
324 3717 353 3768 p.
372 3699 445 3765 ier,
464 3700 516 3752 245
527 3716 538 3760 ‚·
557 3715 604 3754 nec
623 3716 673 3756 non
691 3701 719 3753 iu
737 3704 790 3756 alie
808 3706 936 3759 Bononiae
954 3703 1036 3756 edite:
1061 3705 1256 3759 Osrcrenriorti
1273 3708 1340 3760 suile

133 3799 320 3860 tssosmoqonia.
341 3800 371 3848 v.
391 3799 479 3850 Naeui
497 3799 594 3848 annali
612 3797 680 3850 delle
699 3799 801 3852 selenae
824 3800 948 3850 naturali
969 3800 1047 3853 1847.
1068 3801 1214 3853 Disaenius.
1236 3804 1277 3856 ci.
1299 3810 1342 3858 lie·

132 3890 229 3956 bropne
247 3895 322 3944 cuius
339 3896 524 3960 cosmogonica
542 3893 660 3946 doctrina
679 3908 694 3944 a
713 3902 801 3946 nostra
819 3909 869 3948 non
888 3909 984 3961 parum
1007 3896 1110 3957 distat,
1131 3899 1228 3953 scribit
1248 3908 1340 3951 tamen:

131 4005 145 4032 «
164 3988 237 4038 cette
257 3991 384 4052 agitatioo
403 3993 451 4043 des
470 3993 612 4045 moltcnles
638 3993 822 4044 elementeires
851 4002 877 4045 ct
897 3995 967 4047 leurs
985 3994 1187 4047 combinaisoos
1211 3998 1341 4062 produisi·

131 4101 145 4130 u
165 4091 223 4134 rent
240 4097 290 4135 une
309 4087 435 4138 irrrmcnsc
453 4088 564 4141 lumibre
586 4088 682 4141 bosnec
700 4096 794 4142 auteur
812 4088 844 4141 dc
858 4092 888 4177 ¹ia
909 4100 986 4144 terre.
1008 4111 1021 4142 u
1044 4093 1152 4144 Tirdcric
1169 4093 1294 4161 dilatique
1313 4094 1343 4147 dc

131 4182 158 4230 iu
180 4184 349 4247 cosmopoeia
370 4198 414 4248 par
434 4189 462 4236 Ρ.
476 4189 499 4237 1.
518 4189 546 4239 (l.
565 4186 702 4254 Debrepna
722 4185 790 4243 doct.
811 4203 843 4242 en
865 4190 983 4243 medic...
1001 4191 1089 4257 potire
1107 4197 1130 4243 et
1148 4192 1291 4258 ratleicus
1315 4193 1346 4248 de

132 4278 158 4326 in
181 4279 288 4332 {areima
311 4280 421 4344 Tisippo.
443 4282 537 4332 Perit.
552 4283 627 4334 18t8.
648 4298 673 4349 p.
687 4283 731 4334 73.
