2970 5002
101 353 103 357 ⁴
206 257 269 355 eia

208 447 303 505 rum,
330 443 392 489 aaa
416 426 591 506 plurimam
624 422 739 486 diflert.
765 417 832 486 Hac
854 421 950 486 modo
970 438 1045 488 cum
1060 428 1229 492 communi
1252 425 1436 511 Theches«

214 557 286 601 rum
308 536 454 609 doctrina
476 551 547 596 non.
565 530 768 614 iliaquidem
790 533 942 608 omnino,
966 534 1052 613 quad
1075 533 1197 618 fateor,
1221 541 1433 622 conciliatura

210 648 268 712 sed
292 656 397 708 tamen
421 660 536 722 magna
557 662 596 704 ex
619 650 707 722 parte
729 642 888 705 cohaeret⁴
910 643 1014 722 Atque
1037 643 1111 706 in‘de
1135 646 1208 710 iicet
1231 650 1433 717 animadver-

209 765 269 833 tas,
291 755 454 835 quomoda
469 753 625 816 humanae
643 751 801 826 scientiae,
825 750 1023 829 quamvisab
1039 751 1173 818 invicem
1187 759 1429 837 remotissimae,

209 860 328 927 auxilia
345 861 405 924 sibi
422 868 533 925 mutua
556 867 805 939 argumentaque
828 859 999 923 conferant.
1013 860 1088 933 Quis
1101 879 1255 944 umquam
1274 875 1431 948 putasset,

207 988 417 1055 progressum
441 951 633 1034 naturalium
664 970 867 1032 scientiarum
888 988 925 1033 ea
946 970 1232 1043 nabisaiiaturum
1256 977 1433 1056 exquibus

208 1081 385 1160 theologica
407 1081 484 1142 haec
507 1080 547 1142 de
567 1078 731 1158 spiritibus
752 1081 990 1156 controversia,
1014 1084 1219 1161 quantumvis
1234 1084 1430 1164 imperfecte,

209 1192 357 1270 componi
379 1191 512 1270 posset?
534 1188 626 1261 Quod
648 1196 769 1250 veteres
791 1188 835 1251 iili
858 1189 1096 1253 contendebant
1115 1191 1275 1254 exstitisse
1290 1194 1434 1272 Angeias

208 1315 266 1378 per
288 1296 421 1378 aliquot,
436 1306 468 1358 et
492 1313 566 1359 reru
589 1297 684 1358 etiam
705 1313 761 1377 per
783 1297 895 1373 muita,
919 1295 1044 1358 saecula
1067 1302 1140 1359 ante
1169 1298 1324 1376 epocham
1348 1299 1434 1364 iilam

209 1423 289 1486 quae
311 1406 524 1468 communiter
547 1404 663 1468 dicitur
684 1405 795 1484 muudi
816 1405 955 1482 initium,
970 1403 1004 1467 h.
1026 1421 1055 1465 e.
1078 1413 1152 1466 ante
1173 1405 1339 1471 hominem
1361 1425 1434 1471 coa·

208 1515 333 1592 ditum,
356 1513 417 1576 hoc
439 1521 472 1574 et
491 1530 550 1577 nos
572 1515 748 1577 concedere
770 1530 962 1594 possumus,
987 1521 1020 1575 et
1042 1521 1127 1576 certe
1148 1514 1353 1581 Lateranensi
1376 1517 1430 1579 de-

208 1627 296 1683 creto
313 1636 378 1683 noa
400 1620 669 1696 contradicimus,
697 1620 871 1685 dummodo
892 1621 1126 1702 confiteamur,
1149 1621 1249 1684 Deum
1272 1622 1368 1686 simui
1391 1623 1430 1685 ab

206 1727 297 1789 initio
320 1728 471 1808 temporis
487 1736 518 1790 et
530 1727 670 1806 Angelos
691 1739 723 1790 et
745 1745 878 1808 corpora
898 1728 938 1791 de
962 1729 1061 1792 nihilo
1081 1729 1275 1793 condidisse.
1294 1730 1429 1793 Possent

207 1838 327 1917 modo,
351 1838 459 1917 paucis
480 1837 609 1900 mutatis
631 1837 747 1918 verbis,
769 1838 893 1919 antiqui
915 1837 960 1900 itii
982 1855 1056 1901 suas
1079 1837 1224 1918 proferre
1238 1840 1429 1914 sententias,

209 1949 283 2025 qaia
305 1963 407 2026 aeque
429 1945 630 2009 Laterancnsi
653 1947 777 2026 synodo
799 1965 900 2026 neque
916 1948 1127 2010 recentiorum
1142 1947 1307 2011 doctrinae
1322 1947 1435 2010 aduer-

208 2063 364 2131 sareatur.
382 2055 493 2119 Posset
512 2072 540 2116 e.
564 2073 616 2137 qr.¹
638 2055 743 2117 dicere
763 2054 985 2135 Hieronymus:
1011 2072 1072 2118 sac
1086 2053 1173 2118 mitte
1185 2055 1316 2120 necdum
1331 2058 1436 2119 nostri

164 2197 166 2203 ·
208 2162 338 2226 humani
352 2165 475 2242 generis
492 2165 662 2246 impleatur
673 2164 760 2244 anai,
776 2171 806 2228 et
821 2171 938 2246 quanta
949 2165 1044 2245 prius
1060 2171 1208 2245 tempora,
1219 2173 1358 2247 quantas
1372 2183 1437 2229 sae·

210 2270 354 2333 cularum
368 2273 506 2352 oripines
519 2272 741 2335 arbitrandum
754 2280 800 2336 est
811 2273 1034 2353 praecessisse,
1044 2271 1078 2334 ia
1090 2270 1202 2352 quibus
1213 2270 1338 2352 Aapeh,
1354 2273 1440 2334 Thra·

208 2381 254 2459 ni,
271 2381 512 2459 hominationes,
535 2389 717 2466 ceteraeque
744 2383 882 2445 Virtutes
903 2381 1075 2444 servierint
1099 2382 1170 2456 Deo,
1189 2388 1220 2443 et
1235 2381 1299 2442 Deo
1312 2380 1435 2443 iubente

120 2492 126 2503 '
176 2508 179 2515 ·
209 2486 437 2552 substiterint!
459 2490 569 2552 Posset
591 2490 777 2557 Ambrosius
809 2489 964 2552 affirmare
987 2495 1012 2550 1:
1039 2490 1135 2566 longo
1157 2497 1300 2568 tempore
1323 2497 1401 2551 ante
1415 2490 1435 2550 i·

209 2612 301 2674 psam
322 2595 459 2660 huminis
481 2598 686 2675 creationem,
702 2596 865 2660 Cherubim
884 2605 914 2659 et
929 2594 1093 2676 Seraphim
1114 2613 1184 2658 cum
1200 2597 1369 2669 ,suavitate
1384 2615 1435 2659 ca·

210 2722 306 2766 acrae
330 2707 416 2769 vocis
437 2723 512 2769 suae
526 2706 646 2770 dicuat:
668 2705 825 2783 Sanctus,
848 2712 998 2780 sanctus,
1020 2711 1161 2767 sanctas.
1175 2703 1239 2768 Nec
1256 2704 1437 2768 Genebrar-

211 2813 290 2874 dum
311 2814 467 2894 quispiam
490 2815 560 2879 iure
582 2815 845 2895 reprehenderet,
870 2814 896 2876 si
918 2814 1097 2892 scriberet,
1120 2813 1277 2878 veriorem
1303 2814 1368 2876 sibi
1388 2818 1430 2875 ri·

211 2903 278 2984 deri
301 2923 509 3000 sententiam,
533 2943 612 3006 quae
632 2923 765 3006 Aapetas
785 2924 888 2987 aescio
909 2931 982 3004 quot
1003 2923 1139 2988 saeculis
1152 2923 1361 2997 antecessisse
1375 2924 1436 2986 ari·

210 3032 313 3112 piarat
338 3031 466 3095 immani
488 3035 612 3112 generis
635 3034 728 3099 docet
748 3033 776 3095 ².
799 3035 881 3097 Satis
902 3043 986 3098 esset
1009 3051 1066 3115 pro
1088 3050 1197 3096 rerum
1210 3049 1434 3113 corporearum

213 3141 333 3221 ariciae
354 3191 360 3222 ‚
388 3143 539 3224 oripiaenr
557 3160 612 3206 sau
631 3143 823 3207 creationem
838 3144 970 3207 hernicis
993 3143 1160 3224 posuisse,
1185 3141 1291 3222 (qaae
1314 3141 1433 3222 epocha

214 3269 288 3315 cum
313 3253 427 3332 epocha
448 3253 618 3316 creationis
643 3253 751 3317 maadi
784 3255 879 3333 vulga
900 3252 1132 3333 confunditur)
1157 3252 1206 3316 vel
1229 3251 1331 3315 etiam
1345 3251 1432 3328 origi-

214 3375 288 3421 nem
304 3362 394 3438 regni
406 3361 563 3424 animalis.
1165 3378 1167 3381 ’
1362 3430 1365 3436 ,

255 3470 360 3532 Placet
380 3472 508 3542 tandem
525 3472 798 3548 animadvertere,
822 3471 990 3535 interillos
1005 3471 1060 3552 qui
1081 3468 1220 3549 Angeias
1245 3469 1349 3548 longe
1368 3470 1432 3530 ante

214 3596 404 3660 corporeum
428 3581 583 3644 mundum
612 3590 734 3646 creatos
749 3582 932 3663 ponebant,
956 3581 1128 3645 nonnullos
1141 3578 1238 3643 fuisse
1252 3579 1310 3659 qui
1325 3591 1436 3658 corpa-

215 3706 250 3750 sa
276 3689 451 3752 tribuerent
467 3690 619 3777 Angelis,
642 3708 706 3755 non
728 3691 856 3771 quidem
880 3706 988 3772 ,crassa
1008 3698 1040 3752 et
1060 3686 1252 3769 ponderosa,
1268 3687 1436 3749 cuiusmo-

216 3798 248 3859 di
274 3799 351 3859 haec
374 3807 481 3861 nostra
507 3807 603 3875 sunt,
629 3799 684 3862 sed
710 3797 915 3875 tenuissima,
934 3797 1079 3868 aetherea
1095 3797 1144 3859 rei
1158 3796 1263 3874 ignea.
1280 3793 1370 3857 inter
1382 3793 1436 3855 hos

215 3918 423 3971 recensentur
442 3908 632 3973 Ambrosius
653 3910 670 3961 3
691 3916 722 3970 et
750 3908 934 3986 Cassianus,
950 3908 1065 3988 quibus
1089 3905 1247 3971 consentit
1261 3904 1296 3968 in
1322 3904 1395 3968 Lib.
1410 3903 1441 3967 de

254 4196 269 4244 1
288 4190 380 4259 Praes.
401 4194 432 4245 ia
450 4195 553 4248 Psatm.
574 4212 588 4246 a
612 4200 675 4250 nate
695 4196 782 4266 ipsum
795 4195 911 4251 [initium
930 4195 1026 4259 mundi
1042 4191 1185 4277 Cherubim
1202 4198 1254 4251 stc.
1269 4210 1291 4245 ,a

256 4289 405 4344 2Gsnebr.
424 4291 455 4343 dc
475 4293 574 4345 Triarii.
593 4295 624 4345 L.
645 4295 671 4346 1.

259 4388 276 4444 3
295 4391 326 4446 v.
344 4392 434 4452 Pater.
454 4390 565 4462 dedan.
584 4394 615 4448 L.
633 4393 656 4450 1.
675 4405 698 4446 c.
718 4397 746 4462 2,
764 4390 802 4462 §d
818 4391 845 4457 8,
866 4391 938 4452 12..
