<?xml version="1.0" encoding="UTF-8"?>
<!DOCTYPE html PUBLIC "-//W3C//DTD XHTML 1.0 Transitional//EN"
    "http://www.w3.org/TR/xhtml1/DTD/xhtml1-transitional.dtd">
<html xmlns="http://www.w3.org/1999/xhtml" xml:lang="en" lang="en">
 <head>
  <title>
</title>
<meta http-equiv="Content-Type" content="text/html;charset=utf-8" />
  <meta name='ocr-system' content='tesseract 3.04.00' />
  <meta name='ocr-capabilities' content='ocr_page ocr_carea ocr_par ocr_line ocrx_word'/>
</head>
<body>
  <div class='ocr_page' id='page_1' title='image "./inhistoriamcrea00piangoog_0101.png"; bbox 0 0 2970 5002; ppageno 0'>
   <div class='ocr_carea' id='block_1_1' title="bbox 226 291 265 352">
    <p class='ocr_par' dir='ltr' id='par_1_1' title="bbox 226 291 265 352">
     <span class='ocr_line' id='line_1_1' title="bbox 226 291 265 352; baseline -0.051 0"><span class='ocrx_word' id='word_1_1' title='bbox 226 291 265 352; x_wconf 77' lang='grc'><strong>92</strong></span> 
     </span>
    </p>
   </div>
   <div class='ocr_carea' id='block_1_2' title="bbox 159 421 1448 1896">
    <p class='ocr_par' dir='ltr' id='par_1_2' title="bbox 159 421 1448 1896">
     <span class='ocr_line' id='line_1_2' title="bbox 225 421 1448 503; baseline -0.003 -15"><span class='ocrx_word' id='word_1_2' title='bbox 225 423 403 488; x_wconf 79' lang='lat' dir='ltr'><strong>emissionis</strong></span> <span class='ocrx_word' id='word_1_3' title='bbox 421 428 557 503; x_wconf 77' lang='lat' dir='ltr'><strong>systema</strong></span> <span class='ocrx_word' id='word_1_4' title='bbox 568 422 805 487; x_wconf 82' lang='lat' dir='ltr'><strong>demonstravit.</strong></span> <span class='ocrx_word' id='word_1_5' title='bbox 831 423 926 486; x_wconf 78' lang='lat' dir='ltr'><strong>Addit</strong></span> <span class='ocrx_word' id='word_1_6' title='bbox 941 421 1122 502; x_wconf 88' lang='lat' dir='ltr'><strong>Voltairins,</strong></span> <span class='ocrx_word' id='word_1_7' title='bbox 1139 423 1243 485; x_wconf 85' lang='lat' dir='ltr'><strong>lucem</strong></span> <span class='ocrx_word' id='word_1_8' title='bbox 1272 423 1379 486; x_wconf 78' lang='lat' dir='ltr'><strong>allen</strong></span> <span class='ocrx_word' id='word_1_9' title='bbox 1390 424 1448 485; x_wconf 82' lang='lat' dir='ltr'><strong>dil-</strong></span> 
     </span>
     <span class='ocr_line' id='line_1_3' title="bbox 225 528 1445 611; baseline -0.002 -17"><span class='ocrx_word' id='word_1_10' title='bbox 225 535 326 595; x_wconf 88' lang='lat' dir='ltr'><strong>lusam</strong></span> <span class='ocrx_word' id='word_1_11' title='bbox 341 549 397 611; x_wconf 89' lang='lat' dir='ltr'><strong>por</strong></span> <span class='ocrx_word' id='word_1_12' title='bbox 410 531 576 609; x_wconf 87' lang='lat' dir='ltr'><strong>spartium,</strong></span> <span class='ocrx_word' id='word_1_13' title='bbox 592 539 626 591; x_wconf 90' lang='lat' dir='ltr'><strong>ut</strong></span> <span class='ocrx_word' id='word_1_14' title='bbox 640 546 657 590; x_wconf 90' lang='lat' dir='ltr'><strong>a</strong></span> <span class='ocrx_word' id='word_1_15' title='bbox 672 529 738 591; x_wconf 87' lang='lat' dir='ltr'><strong>sole</strong></span> <span class='ocrx_word' id='word_1_16' title='bbox 754 536 910 593; x_wconf 88' lang='lat' dir='ltr'><strong>commota</strong></span> <span class='ocrx_word' id='word_1_17' title='bbox 926 530 1081 593; x_wconf 85' lang='lat' dir='ltr'><strong>mundum</strong></span> <span class='ocrx_word' id='word_1_18' title='bbox 1097 528 1303 605; x_wconf 81' lang='lat' dir='ltr'><strong>illuminaret,</strong></span> <span class='ocrx_word' id='word_1_19' title='bbox 1323 536 1358 591; x_wconf 89' lang='lat' dir='ltr'><strong>et</strong></span> <span class='ocrx_word' id='word_1_20' title='bbox 1381 530 1445 609; x_wconf 85' lang='lat' dir='ltr'><strong>ipsa</strong></span> 
     </span>
     <span class='ocr_line' id='line_1_4' title="bbox 225 636 1444 718; baseline -0.002 -17"><span class='ocrx_word' id='word_1_21' title='bbox 225 640 271 702; x_wconf 90' lang='lat' dir='ltr'><strong>sic</strong></span> <span class='ocrx_word' id='word_1_22' title='bbox 286 639 505 701; x_wconf 86' lang='lat' dir='ltr'><strong>divideretura</strong></span> <span class='ocrx_word' id='word_1_23' title='bbox 521 637 657 700; x_wconf 89' lang='lat' dir='ltr'><strong>tenebris</strong></span> <span class='ocrx_word' id='word_1_24' title='bbox 677 637 824 718; x_wconf 84' lang='lat' dir='ltr'>diemque</span> <span class='ocrx_word' id='word_1_25' title='bbox 841 638 989 713; x_wconf 81' lang='lat' dir='ltr'><strong>alliceret,</strong></span> <span class='ocrx_word' id='word_1_26' title='bbox 1012 655 1075 700; x_wconf 92' lang='lat' dir='ltr'><strong>non</strong></span> <span class='ocrx_word' id='word_1_27' title='bbox 1100 636 1253 716; x_wconf 89' lang='lat' dir='ltr'><strong>potuisse,</strong></span> <span class='ocrx_word' id='word_1_28' title='bbox 1270 644 1444 718; x_wconf 85' lang='lat' dir='ltr'><strong>antequam</strong></span> 
     </span>
     <span class='ocr_line' id='line_1_5' title="bbox 226 745 1443 825; baseline -0.001 -16"><span class='ocrx_word' id='word_1_29' title='bbox 226 753 311 809; x_wconf 90' lang='lat' dir='ltr'><strong>esset</strong></span> <span class='ocrx_word' id='word_1_30' title='bbox 325 748 385 824; x_wconf 91' lang='lat' dir='ltr'><strong>sol,</strong></span> <span class='ocrx_word' id='word_1_31' title='bbox 398 748 454 808; x_wconf 90' lang='lat' dir='ltr'><strong>ista</strong></span> <span class='ocrx_word' id='word_1_32' title='bbox 468 753 637 825; x_wconf 87' lang='lat' dir='ltr'><strong>praestare:</strong></span> <span class='ocrx_word' id='word_1_33' title='bbox 655 746 714 809; x_wconf 93' lang='lat' dir='ltr'><strong>boc</strong></span> <span class='ocrx_word' id='word_1_34' title='bbox 727 746 937 808; x_wconf 86' lang='lat' dir='ltr'><strong>esseomniuo</strong></span> <span class='ocrx_word' id='word_1_35' title='bbox 952 756 1020 809; x_wconf 88' lang='lat' dir='ltr'><strong>tum</strong></span> <span class='ocrx_word' id='word_1_36' title='bbox 1037 745 1182 825; x_wconf 86' lang='lat' dir='ltr'><strong>physicae</strong></span> <span class='ocrx_word' id='word_1_37' title='bbox 1197 745 1365 824; x_wconf 71' lang='lat' dir='ltr'><strong>scientiae,</strong></span> <span class='ocrx_word' id='word_1_38' title='bbox 1381 752 1443 808; x_wconf 87' lang='lat' dir='ltr'><strong>turn</strong></span> 
     </span>
     <span class='ocr_line' id='line_1_6' title="bbox 228 853 1437 934; baseline -0.003 -16"><span class='ocrx_word' id='word_1_39' title='bbox 228 855 341 918; x_wconf 85' lang='lat' dir='ltr'><strong>rationi</strong></span> <span class='ocrx_word' id='word_1_40' title='bbox 356 857 560 918; x_wconf 87' lang='lat' dir='ltr'><strong>contrarium.</strong></span> <span class='ocrx_word' id='word_1_41' title='bbox 577 855 695 927; x_wconf 80' lang='lat' dir='ltr'><strong>Quibus</strong></span> <span class='ocrx_word' id='word_1_42' title='bbox 717 855 858 934; x_wconf 87' lang='lat' dir='ltr'><strong>prolecto</strong></span> <span class='ocrx_word' id='word_1_43' title='bbox 873 855 949 916; x_wconf 89' lang='lat' dir='ltr'><strong>nibil</strong></span> <span class='ocrx_word' id='word_1_44' title='bbox 972 854 1123 918; x_wconf 73' lang='lat' dir='ltr'><strong>insulsius</strong></span> <span class='ocrx_word' id='word_1_45' title='bbox 1145 853 1207 916; x_wconf 89' lang='lat' dir='ltr'><strong>dici</strong></span> <span class='ocrx_word' id='word_1_46' title='bbox 1229 861 1364 934; x_wconf 86' lang='lat' dir='ltr'><strong>potest,</strong></span> <span class='ocrx_word' id='word_1_47' title='bbox 1389 860 1437 914; x_wconf 87' lang='lat' dir='ltr'><strong>aut</strong></span> 
     </span>
     <span class='ocr_line' id='line_1_7' title="bbox 159 959 1440 1041; baseline -0.002 -20"><span class='ocrx_word' id='word_1_48' title='bbox 159 988 165 1000; x_wconf 89' lang='lat'><strong>·</strong></span> <span class='ocrx_word' id='word_1_49' title='bbox 226 961 374 1041; x_wconf 85' lang='lat' dir='ltr'><strong>physicae</strong></span> <span class='ocrx_word' id='word_1_50' title='bbox 392 961 552 1024; x_wconf 88' lang='lat' dir='ltr'><strong>doctrinae</strong></span> <span class='ocrx_word' id='word_1_51' title='bbox 573 980 610 1022; x_wconf 91' lang='lat' dir='ltr'><strong>ac</strong></span> <span class='ocrx_word' id='word_1_52' title='bbox 634 961 746 1024; x_wconf 86' lang='lat' dir='ltr'><strong>rationi</strong></span> <span class='ocrx_word' id='word_1_53' title='bbox 766 961 959 1024; x_wconf 84' lang='lat' dir='ltr'><strong>centrarium</strong></span> <span class='ocrx_word' id='word_1_54' title='bbox 980 962 1093 1038; x_wconf 73' lang='lat' dir='ltr'><strong>magis·</strong></span> <span class='ocrx_word' id='word_1_55' title='bbox 1109 963 1206 1022; x_wconf 90' lang='lat' dir='ltr'><strong>immo</strong></span> <span class='ocrx_word' id='word_1_56' title='bbox 1227 967 1260 1022; x_wconf 88' lang='lat' dir='ltr'><strong>et</strong></span> <span class='ocrx_word' id='word_1_57' title='bbox 1281 959 1440 1023; x_wconf 88' lang='lat' dir='ltr'><strong>communi</strong></span> 
     </span>
     <span class='ocr_line' id='line_1_8' title="bbox 225 1066 1441 1154; baseline 0 -26"><span class='ocrx_word' id='word_1_58' title='bbox 225 1066 330 1129; x_wconf 87' lang='lat' dir='ltr'><strong>sensui</strong></span> <span class='ocrx_word' id='word_1_59' title='bbox 351 1073 384 1128; x_wconf 89' lang='lat' dir='ltr'><strong>ct</strong></span> <span class='ocrx_word' id='word_1_60' title='bbox 406 1068 526 1145; x_wconf 85' lang='lat' dir='ltr'><strong>vulgari</strong></span> <span class='ocrx_word' id='word_1_61' title='bbox 548 1067 759 1148; x_wconf 76' lang='lat' dir='ltr'><strong>experientiae</strong></span> <span class='ocrx_word' id='word_1_62' title='bbox 790 1069 893 1144; x_wconf 84' lang='lat' dir='ltr'><strong>uragis</strong></span> <span class='ocrx_word' id='word_1_63' title='bbox 929 1085 1117 1147; x_wconf 87' lang='lat' dir='ltr'><strong>repugnans.</strong></span> <span class='ocrx_word' id='word_1_64' title='bbox 1140 1067 1284 1154; x_wconf 68' lang='lat' dir='ltr'><strong>annon</strong></span> <span class='ocrx_word' id='word_1_65' title='bbox 1317 1072 1441 1145; x_wconf 86' lang='lat' dir='ltr'><strong>apparel</strong></span> 
     </span>
     <span class='ocr_line' id='line_1_9' title="bbox 225 1171 1441 1253; baseline 0.002 -21"><span class='ocrx_word' id='word_1_66' title='bbox 225 1171 291 1246; x_wconf 80' lang='lat' dir='ltr'><strong>lux,</strong></span> <span class='ocrx_word' id='word_1_67' title='bbox 307 1189 408 1252; x_wconf 87' lang='lat' dir='ltr'><strong>neque</strong></span> <span class='ocrx_word' id='word_1_68' title='bbox 423 1174 567 1236; x_wconf 79' lang='lat' dir='ltr'><strong>tenebras</strong></span> <span class='ocrx_word' id='word_1_69' title='bbox 578 1175 678 1253; x_wconf 86' lang='lat' dir='ltr'><strong>pellit,</strong></span> <span class='ocrx_word' id='word_1_70' title='bbox 693 1190 792 1252; x_wconf 81' lang='lat' dir='ltr'><strong>neque</strong></span> <span class='ocrx_word' id='word_1_71' title='bbox 804 1174 844 1236; x_wconf 90' lang='lat' dir='ltr'><strong>ab</strong></span> <span class='ocrx_word' id='word_1_72' title='bbox 865 1175 911 1236; x_wconf 90' lang='lat' dir='ltr'><strong>eis</strong></span> <span class='ocrx_word' id='word_1_73' title='bbox 925 1174 1086 1252; x_wconf 88' lang='lat' dir='ltr'><strong>dividitur,</strong></span> <span class='ocrx_word' id='word_1_74' title='bbox 1099 1175 1195 1235; x_wconf 89' lang='lat' dir='ltr'><strong>etiam</strong></span> <span class='ocrx_word' id='word_1_75' title='bbox 1210 1190 1317 1253; x_wconf 85' lang='lat' dir='ltr'><strong>quum</strong></span> <span class='ocrx_word' id='word_1_76' title='bbox 1332 1172 1379 1235; x_wconf 89' lang='lat' dir='ltr'><strong>sol</strong></span> <span class='ocrx_word' id='word_1_77' title='bbox 1391 1173 1441 1235; x_wconf 85' lang='lat' dir='ltr'><strong>ab·</strong></span> 
     </span>
     <span class='ocr_line' id='line_1_10' title="bbox 223 1278 1437 1360; baseline 0.002 -22"><span class='ocrx_word' id='word_1_78' title='bbox 223 1285 283 1354; x_wconf 89' lang='lat' dir='ltr'><strong>ost,</strong></span> <span class='ocrx_word' id='word_1_79' title='bbox 299 1278 326 1339; x_wconf 90' lang='lat' dir='ltr'><strong>si</strong></span> <span class='ocrx_word' id='word_1_80' title='bbox 350 1292 465 1359; x_wconf 83' lang='lat' dir='ltr'><strong>eorpus</strong></span> <span class='ocrx_word' id='word_1_81' title='bbox 485 1279 709 1360; x_wconf 88' lang='lat' dir='ltr'><strong>quodcumque</strong></span> <span class='ocrx_word' id='word_1_82' title='bbox 722 1281 855 1358; x_wconf 88' lang='lat' dir='ltr'><strong>ignitum</strong></span> <span class='ocrx_word' id='word_1_83' title='bbox 870 1288 924 1344; x_wconf 85' lang='lat' dir='ltr'><strong>aut</strong></span> <span class='ocrx_word' id='word_1_84' title='bbox 938 1281 1167 1344; x_wconf 84' lang='lat' dir='ltr'><strong>inflammatum</strong></span> <span class='ocrx_word' id='word_1_85' title='bbox 1193 1279 1294 1340; x_wconf 85' lang='lat' dir='ltr'><strong>adsit‘l</strong></span> <span class='ocrx_word' id='word_1_86' title='bbox 1307 1280 1437 1343; x_wconf 80' lang='lat' dir='ltr'><strong>Aurorae</strong></span> 
     </span>
     <span class='ocr_line' id='line_1_11' title="bbox 228 1383 1435 1466; baseline -0.001 -20"><span class='ocrx_word' id='word_1_87' title='bbox 228 1385 385 1464; x_wconf 89' lang='lat' dir='ltr'><strong>boreales,</strong></span> <span class='ocrx_word' id='word_1_88' title='bbox 401 1393 524 1448; x_wconf 89' lang='lat' dir='ltr'><strong>montes</strong></span> <span class='ocrx_word' id='word_1_89' title='bbox 542 1386 705 1464; x_wconf 78' lang='lat' dir='ltr'><strong>ignivomi,</strong></span> <span class='ocrx_word' id='word_1_90' title='bbox 733 1402 864 1463; x_wconf 85' lang='lat' dir='ltr'><strong>magnae</strong></span> <span class='ocrx_word' id='word_1_91' title='bbox 889 1386 979 1448; x_wconf 85' lang='lat' dir='ltr'><strong>urbis</strong></span> <span class='ocrx_word' id='word_1_92' title='bbox 1000 1393 1055 1449; x_wconf 85' lang='lat' dir='ltr'><strong>aut</strong></span> <span class='ocrx_word' id='word_1_93' title='bbox 1069 1386 1174 1466; x_wconf 84' lang='lat' dir='ltr'><strong>sylvae</strong></span> <span class='ocrx_word' id='word_1_94' title='bbox 1189 1384 1386 1464; x_wconf 86' lang='lat' dir='ltr'><strong>incendium,</strong></span> <span class='ocrx_word' id='word_1_95' title='bbox 1398 1383 1435 1445; x_wconf 84' lang='lat' dir='ltr'><strong>ie-</strong></span> 
     </span>
     <span class='ocr_line' id='line_1_12' title="bbox 211 1483 1432 1572; baseline -0.001 -19"><span class='ocrx_word' id='word_1_96' title='bbox 211 1483 296 1553; x_wconf 60' lang='lat' dir='ltr'><strong>‘stivi</strong></span> <span class='ocrx_word' id='word_1_97' title='bbox 320 1493 405 1569; x_wconf 86' lang='lat' dir='ltr'><strong>ignes</strong></span> <span class='ocrx_word' id='word_1_98' title='bbox 430 1501 496 1553; x_wconf 86' lang='lat' dir='ltr'><strong>arte</strong></span> <span class='ocrx_word' id='word_1_99' title='bbox 507 1491 671 1571; x_wconf 80' lang='lat' dir='ltr'><strong>elaborati,</strong></span> <span class='ocrx_word' id='word_1_100' title='bbox 694 1493 839 1572; x_wconf 86' lang='lat' dir='ltr'><strong>plurimis</strong></span> <span class='ocrx_word' id='word_1_101' title='bbox 861 1492 1002 1554; x_wconf 90' lang='lat' dir='ltr'><strong>lucentes</strong></span> <span class='ocrx_word' id='word_1_102' title='bbox 1023 1491 1244 1570; x_wconf 77' lang='lat' dir='ltr'><strong>lacibusulae,</strong></span> <span class='ocrx_word' id='word_1_103' title='bbox 1260 1491 1367 1567; x_wconf 86' lang='lat' dir='ltr'><strong>aulae,</strong></span> <span class='ocrx_word' id='word_1_104' title='bbox 1388 1508 1432 1552; x_wconf 88' lang='lat' dir='ltr'><strong>ur·</strong></span> 
     </span>
     <span class='ocr_line' id='line_1_13' title="bbox 224 1599 1431 1679; baseline -0.002 -19"><span class='ocrx_word' id='word_1_105' title='bbox 224 1600 291 1678; x_wconf 87' lang='lat' dir='ltr'><strong>bes,</strong></span> <span class='ocrx_word' id='word_1_106' title='bbox 318 1600 447 1679; x_wconf 89' lang='lat' dir='ltr'><strong>templa,</strong></span> <span class='ocrx_word' id='word_1_107' title='bbox 461 1599 580 1663; x_wconf 85' lang='lat' dir='ltr'><strong>theatra</strong></span> <span class='ocrx_word' id='word_1_108' title='bbox 602 1618 642 1662; x_wconf 91' lang='lat' dir='ltr'><strong>an</strong></span> <span class='ocrx_word' id='word_1_109' title='bbox 657 1618 720 1663; x_wconf 91' lang='lat' dir='ltr'><strong>non</strong></span> <span class='ocrx_word' id='word_1_110' title='bbox 735 1601 838 1663; x_wconf 87' lang='lat' dir='ltr'><strong>lucem</strong></span> <span class='ocrx_word' id='word_1_111' title='bbox 853 1601 1012 1676; x_wconf 89' lang='lat' dir='ltr'><strong>emittunt,</strong></span> <span class='ocrx_word' id='word_1_112' title='bbox 1028 1619 1067 1663; x_wconf 87' lang='lat' dir='ltr'><strong>an</strong></span> <span class='ocrx_word' id='word_1_113' title='bbox 1081 1619 1143 1664; x_wconf 91' lang='lat' dir='ltr'><strong>non</strong></span> <span class='ocrx_word' id='word_1_114' title='bbox 1156 1600 1304 1665; x_wconf 79' lang='lat' dir='ltr'><strong>tenebras</strong></span> <span class='ocrx_word' id='word_1_115' title='bbox 1321 1599 1431 1678; x_wconf 80' lang='lat' dir='ltr'><strong>fuganti</strong></span> 
     </span>
     <span class='ocr_line' id='line_1_14' title="bbox 228 1706 1429 1789; baseline -0.004 -19"><span class='ocrx_word' id='word_1_116' title='bbox 228 1708 329 1771; x_wconf 86' lang='lat' dir='ltr'><strong>Nemo</strong></span> <span class='ocrx_word' id='word_1_117' title='bbox 343 1708 385 1770; x_wconf 91' lang='lat' dir='ltr'><strong>ita</strong></span> <span class='ocrx_word' id='word_1_118' title='bbox 399 1709 517 1770; x_wconf 89' lang='lat' dir='ltr'><strong>bardus</strong></span> <span class='ocrx_word' id='word_1_119' title='bbox 539 1717 571 1770; x_wconf 91' lang='lat' dir='ltr'><strong>et</strong></span> <span class='ocrx_word' id='word_1_120' title='bbox 591 1706 738 1789; x_wconf 78' lang='lat' dir='ltr'><strong>stupidus</strong></span> <span class='ocrx_word' id='word_1_121' title='bbox 752 1710 849 1772; x_wconf 89' lang='lat' dir='ltr'><strong>bomo</strong></span> <span class='ocrx_word' id='word_1_122' title='bbox 871 1716 920 1771; x_wconf 91' lang='lat' dir='ltr'><strong>est</strong></span> <span class='ocrx_word' id='word_1_123' title='bbox 943 1707 1050 1789; x_wconf 80' lang='lat' dir='ltr'><strong>(canes</strong></span> <span class='ocrx_word' id='word_1_124' title='bbox 1071 1709 1166 1771; x_wconf 87' lang='lat' dir='ltr'><strong>etiam</strong></span> <span class='ocrx_word' id='word_1_125' title='bbox 1188 1716 1221 1771; x_wconf 88' lang='lat' dir='ltr'><strong>el</strong></span> <span class='ocrx_word' id='word_1_126' title='bbox 1236 1707 1317 1772; x_wconf 80' lang='lat' dir='ltr'><strong>feles</strong></span> <span class='ocrx_word' id='word_1_127' title='bbox 1341 1706 1429 1768; x_wconf 87' lang='lat' dir='ltr'><strong>testari</strong></span> 
     </span>
     <span class='ocr_line' id='line_1_15' title="bbox 228 1812 1429 1896; baseline 0 -20"><span class='ocrx_word' id='word_1_128' title='bbox 228 1812 384 1894; x_wconf 72' lang='lat' dir='ltr'><strong>poteram)</strong></span> <span class='ocrx_word' id='word_1_129' title='bbox 399 1815 453 1894; x_wconf 85' lang='lat' dir='ltr'><strong>qui</strong></span> <span class='ocrx_word' id='word_1_130' title='bbox 469 1816 591 1892; x_wconf 82' lang='lat' dir='ltr'><strong>ignoret</strong></span> <span class='ocrx_word' id='word_1_131' title='bbox 610 1816 832 1892; x_wconf 83' lang='lat' dir='ltr'><strong>,lucernarum</strong></span> <span class='ocrx_word' id='word_1_132' title='bbox 847 1816 966 1878; x_wconf 89' lang='lat' dir='ltr'><strong>lumine</strong></span> <span class='ocrx_word' id='word_1_133' title='bbox 980 1816 1124 1878; x_wconf 87' lang='lat' dir='ltr'><strong>cubicula</strong></span> <span class='ocrx_word' id='word_1_134' title='bbox 1137 1833 1195 1896; x_wconf 88' lang='lat' dir='ltr'><strong>per</strong></span> <span class='ocrx_word' id='word_1_135' title='bbox 1215 1821 1345 1878; x_wconf 88' lang='lat' dir='ltr'><strong>nectem</strong></span> <span class='ocrx_word' id='word_1_136' title='bbox 1367 1813 1429 1876; x_wconf 85' lang='lat' dir='ltr'><strong>illu·</strong></span> 
     </span>
    </p>
   </div>
   <div class='ocr_carea' id='block_1_3' title="bbox 222 2027 1479 3948">
    <p class='ocr_par' dir='ltr' id='par_1_3' title="bbox 222 2027 1479 2435">
     <span class='ocr_line' id='line_1_16' title="bbox 227 2027 1478 2110; baseline 0.001 -21"><span class='ocrx_word' id='word_1_137' title='bbox 227 2029 324 2092; x_wconf 85' lang='lat' dir='ltr'><strong>uredo</strong></span> <span class='ocrx_word' id='word_1_138' title='bbox 342 2027 437 2104; x_wconf 90' lang='lat' dir='ltr'><strong>igitur</strong></span> <span class='ocrx_word' id='word_1_139' title='bbox 449 2028 619 2092; x_wconf 85' lang='lat' dir='ltr'><strong>Voltairius</strong></span> <span class='ocrx_word' id='word_1_140' title='bbox 635 2029 738 2093; x_wconf 84' lang='lat' dir='ltr'><strong>lucem</strong></span> <span class='ocrx_word' id='word_1_141' title='bbox 750 2029 868 2109; x_wconf 84' lang='lat' dir='ltr'><strong>absque</strong></span> <span class='ocrx_word' id='word_1_142' title='bbox 880 2030 949 2094; x_wconf 87' lang='lat' dir='ltr'><strong>sole</strong></span> <span class='ocrx_word' id='word_1_143' title='bbox 960 2031 1122 2110; x_wconf 84' lang='lat' dir='ltr'><strong>imaginari</strong></span> <span class='ocrx_word' id='word_1_144' title='bbox 1136 2047 1197 2094; x_wconf 89' lang='lat' dir='ltr'><strong>non</strong></span> <span class='ocrx_word' id='word_1_145' title='bbox 1210 2030 1351 2110; x_wconf 70' lang='lat' dir='ltr'><strong>poterat?</strong></span> <span class='ocrx_word' id='word_1_146' title='bbox 1362 2028 1426 2093; x_wconf 82' lang='lat' dir='ltr'><strong>Satis</strong></span> <span class='ocrx_word' id='word_1_147' title='bbox 1475 2058 1478 2066; x_wconf 91' lang='lat'>·</span> 
     </span>
     <span class='ocr_line' id='line_1_17' title="bbox 228 2132 1478 2220; baseline 0.002 -25"><span class='ocrx_word' id='word_1_148' title='bbox 228 2142 295 2198; x_wconf 87' lang='lat' dir='ltr'><strong>erat</strong></span> <span class='ocrx_word' id='word_1_149' title='bbox 315 2137 448 2216; x_wconf 88' lang='lat' dir='ltr'><strong>,primis</strong></span> <span class='ocrx_word' id='word_1_150' title='bbox 464 2137 659 2216; x_wconf 88' lang='lat' dir='ltr'><strong>temporibus</strong></span> <span class='ocrx_word' id='word_1_151' title='bbox 678 2153 697 2198; x_wconf 91' lang='lat' dir='ltr'><strong>a</strong></span> <span class='ocrx_word' id='word_1_152' title='bbox 719 2137 788 2201; x_wconf 86' lang='lat' dir='ltr'><strong>lune</strong></span> <span class='ocrx_word' id='word_1_153' title='bbox 808 2140 949 2220; x_wconf 87' lang='lat' dir='ltr'><strong>qualibet</strong></span> <span class='ocrx_word' id='word_1_154' title='bbox 972 2140 1118 2202; x_wconf 83' lang='lat' dir='ltr'><strong>tellurem</strong></span> <span class='ocrx_word' id='word_1_155' title='bbox 1140 2145 1282 2201; x_wconf 89' lang='lat' dir='ltr'><strong>nostram</strong></span> <span class='ocrx_word' id='word_1_156' title='bbox 1297 2147 1353 2204; x_wconf 91' lang='lat' dir='ltr'><strong>aut</strong></span> <span class='ocrx_word' id='word_1_157' title='bbox 1372 2154 1426 2200; x_wconf 88' lang='lat' dir='ltr'><strong>ma·</strong></span> <span class='ocrx_word' id='word_1_158' title='bbox 1473 2132 1478 2174; x_wconf 79' lang='lat'><strong>¹</strong></span> 
     </span>
     <span class='ocr_line' id='line_1_18' title="bbox 222 2221 1479 2327; baseline 0.001 -21"><span class='ocrx_word' id='word_1_159' title='bbox 222 2263 320 2322; x_wconf 87' lang='lat' dir='ltr'><strong>gnam</strong></span> <span class='ocrx_word' id='word_1_160' title='bbox 333 2247 401 2309; x_wconf 89' lang='lat' dir='ltr'><strong>eius</strong></span> <span class='ocrx_word' id='word_1_161' title='bbox 417 2254 539 2327; x_wconf 87' lang='lat' dir='ltr'><strong>partem</strong></span> <span class='ocrx_word' id='word_1_162' title='bbox 557 2247 738 2323; x_wconf 87' lang='lat' dir='ltr'><strong>illuminari,</strong></span> <span class='ocrx_word' id='word_1_163' title='bbox 755 2255 789 2310; x_wconf 94' lang='lat' dir='ltr'><strong>ul</strong></span> <span class='ocrx_word' id='word_1_164' title='bbox 802 2226 887 2310; x_wconf 88' lang='lat' dir='ltr'><strong>esset</strong></span> <span class='ocrx_word' id='word_1_165' title='bbox 899 2250 975 2311; x_wconf 87' lang='lat' dir='ltr'><strong>dies:</strong></span> <span class='ocrx_word' id='word_1_166' title='bbox 991 2251 1063 2311; x_wconf 84' lang='lat' dir='ltr'><strong>Dies</strong></span> <span class='ocrx_word' id='word_1_167' title='bbox 1079 2250 1163 2311; x_wconf 90' lang='lat' dir='ltr'><strong>enirn</strong></span> <span class='ocrx_word' id='word_1_168' title='bbox 1176 2249 1256 2311; x_wconf 85' lang='lat' dir='ltr'><strong>blosi</strong></span> <span class='ocrx_word' id='word_1_169' title='bbox 1272 2247 1350 2311; x_wconf 82' lang='lat' dir='ltr'><strong>lueis</strong></span> <span class='ocrx_word' id='word_1_170' title='bbox 1361 2255 1424 2310; x_wconf 78' lang='lat' dir='ltr'><strong>brn-</strong></span> <span class='ocrx_word' id='word_1_171' title='bbox 1474 2221 1479 2281; x_wconf 61' lang='lat' dir='ltr'>h</span> 
     </span>
     <span class='ocr_line' id='line_1_19' title="bbox 229 2332 1479 2435; baseline 0.003 -22"><span class='ocrx_word' id='word_1_172' title='bbox 229 2360 286 2429; x_wconf 88' lang='lat' dir='ltr'><strong>put</strong></span> <span class='ocrx_word' id='word_1_173' title='bbox 307 2362 367 2432; x_wconf 89' lang='lat' dir='ltr'><strong>est,</strong></span> <span class='ocrx_word' id='word_1_174' title='bbox 382 2371 445 2415; x_wconf 90' lang='lat' dir='ltr'><strong>non</strong></span> <span class='ocrx_word' id='word_1_175' title='bbox 462 2362 587 2434; x_wconf 89' lang='lat' dir='ltr'><strong>tempus</strong></span> <span class='ocrx_word' id='word_1_176' title='bbox 603 2354 691 2417; x_wconf 86' lang='lat' dir='ltr'><strong>solis.</strong></span> <span class='ocrx_word' id='word_1_177' title='bbox 708 2356 888 2435; x_wconf 80' lang='lat' dir='ltr'><strong>Appeltooit</strong></span> <span class='ocrx_word' id='word_1_178' title='bbox 901 2359 985 2418; x_wconf 78' lang='lat' dir='ltr'><strong>Decea</strong></span> <span class='ocrx_word' id='word_1_179' title='bbox 1000 2357 1099 2418; x_wconf 83' lang='lat' dir='ltr'><strong>locem</strong></span> <span class='ocrx_word' id='word_1_180' title='bbox 1111 2355 1193 2417; x_wconf 83' lang='lat' dir='ltr'><strong>diem</strong></span> <span class='ocrx_word' id='word_1_181' title='bbox 1207 2353 1251 2434; x_wconf 78' lang='lat' dir='ltr'><strong>(v.</strong></span> <span class='ocrx_word' id='word_1_182' title='bbox 1264 2354 1324 2435; x_wconf 80' lang='grc'><strong>5.).</strong></span> <span class='ocrx_word' id='word_1_183' title='bbox 1453 2411 1455 2417; x_wconf 85' lang='grc'>.</span> <span class='ocrx_word' id='word_1_184' title='bbox 1478 2332 1479 2341; x_wconf 27' lang='lat'>¹</span> 
     </span>
    </p>

    <p class='ocr_par' dir='ltr' id='par_1_4' title="bbox 225 2460 1479 3719">
     <span class='ocr_line' id='line_1_20' title="bbox 264 2460 1429 2543; baseline -0.001 -19"><span class='ocrx_word' id='word_1_185' title='bbox 264 2461 507 2524; x_wconf 71' lang='lat' dir='ltr'><strong>xxxlbbiuba</strong></span> <span class='ocrx_word' id='word_1_186' title='bbox 520 2461 561 2523; x_wconf 92' lang='lat' dir='ltr'><strong>de</strong></span> <span class='ocrx_word' id='word_1_187' title='bbox 575 2462 634 2524; x_wconf 89' lang='lat' dir='ltr'><strong>bae</strong></span> <span class='ocrx_word' id='word_1_188' title='bbox 646 2463 717 2524; x_wconf 89' lang='lat' dir='ltr'><strong>luce</strong></span> <span class='ocrx_word' id='word_1_189' title='bbox 732 2464 851 2541; x_wconf 84' lang='lat' dir='ltr'><strong>primae</strong></span> <span class='ocrx_word' id='word_1_190' title='bbox 860 2464 922 2526; x_wconf 89' lang='lat' dir='ltr'><strong>diei</strong></span> <span class='ocrx_word' id='word_1_191' title='bbox 936 2465 1095 2543; x_wconf 86' lang='lat' dir='ltr'><strong>disputata</strong></span> <span class='ocrx_word' id='word_1_192' title='bbox 1110 2470 1195 2525; x_wconf 89' lang='lat' dir='ltr'><strong>sunt.</strong></span> <span class='ocrx_word' id='word_1_193' title='bbox 1210 2462 1371 2525; x_wconf 87' lang='lat' dir='ltr'><strong>Dubitavit</strong></span> <span class='ocrx_word' id='word_1_194' title='bbox 1381 2460 1429 2523; x_wconf 85' lang='lat' dir='ltr'><strong>llu-</strong></span> 
     </span>
     <span class='ocr_line' id='line_1_21' title="bbox 229 2549 1479 2651; baseline 0 -19"><span class='ocrx_word' id='word_1_195' title='bbox 229 2572 374 2648; x_wconf 80' lang='lat' dir='ltr'><strong>gustinus</strong></span> <span class='ocrx_word' id='word_1_196' title='bbox 388 2569 537 2649; x_wconf 87' lang='lat' dir='ltr'><strong>spiritalis</strong></span> <span class='ocrx_word' id='word_1_197' title='bbox 552 2588 591 2632; x_wconf 89' lang='lat' dir='ltr'><strong>ne</strong></span> <span class='ocrx_word' id='word_1_198' title='bbox 604 2570 660 2632; x_wconf 89' lang='lat' dir='ltr'><strong>illa</strong></span> <span class='ocrx_word' id='word_1_199' title='bbox 673 2588 713 2632; x_wconf 91' lang='lat' dir='ltr'><strong>an</strong></span> <span class='ocrx_word' id='word_1_200' title='bbox 724 2587 876 2651; x_wconf 84' lang='lat' dir='ltr'><strong>corporea</strong></span> <span class='ocrx_word' id='word_1_201' title='bbox 890 2573 984 2636; x_wconf 81' lang='lat' dir='ltr'><strong>inerit</strong></span> <span class='ocrx_word' id='word_1_202' title='bbox 1002 2577 1029 2634; x_wconf 84' lang='lat'><strong>1.</strong></span> <span class='ocrx_word' id='word_1_203' title='bbox 1045 2572 1091 2636; x_wconf 82' lang='lat' dir='ltr'><strong>Ac</strong></span> <span class='ocrx_word' id='word_1_204' title='bbox 1104 2574 1134 2635; x_wconf 80' lang='lat' dir='ltr'><strong>si</strong></span> <span class='ocrx_word' id='word_1_205' title='bbox 1158 2571 1344 2651; x_wconf 80' lang='lat' dir='ltr'><strong>spiritantia</strong></span> <span class='ocrx_word' id='word_1_206' title='bbox 1362 2569 1424 2650; x_wconf 74' lang='lat' dir='ltr'><strong>fail,</strong></span> <span class='ocrx_word' id='word_1_207' title='bbox 1475 2549 1479 2604; x_wconf 62' lang='lat'>⁸</span> 
     </span>
     <span class='ocr_line' id='line_1_22' title="bbox 228 2672 1479 2764; baseline -0.002 -21"><span class='ocrx_word' id='word_1_208' title='bbox 228 2679 518 2756; x_wconf 60' lang='lat' dir='ltr'><strong>nobilitaverunt</strong></span> <span class='ocrx_word' id='word_1_209' title='bbox 534 2681 561 2756; x_wconf 72' lang='lat'><strong>2,</strong></span> <span class='ocrx_word' id='word_1_210' title='bbox 593 2680 686 2742; x_wconf 85' lang='lat' dir='ltr'><strong>Patri</strong></span> <span class='ocrx_word' id='word_1_211' title='bbox 697 2687 861 2745; x_wconf 83' lang='lat' dir='ltr'><strong>cooeterna</strong></span> <span class='ocrx_word' id='word_1_212' title='bbox 875 2681 1079 2764; x_wconf 80' lang='lat' dir='ltr'><strong>intelligendo</strong></span> <span class='ocrx_word' id='word_1_213' title='bbox 1103 2690 1160 2757; x_wconf 84' lang='lat' dir='ltr'><strong>est,</strong></span> <span class='ocrx_word' id='word_1_214' title='bbox 1172 2700 1230 2762; x_wconf 83' lang='lat' dir='ltr'><strong>per</strong></span> <span class='ocrx_word' id='word_1_215' title='bbox 1244 2699 1341 2762; x_wconf 83' lang='lat' dir='ltr'><strong>quom</strong></span> <span class='ocrx_word' id='word_1_216' title='bbox 1358 2677 1431 2759; x_wconf 75' lang='lat' dir='ltr'><strong>lacte</strong></span> <span class='ocrx_word' id='word_1_217' title='bbox 1478 2672 1479 2679; x_wconf 65' lang='lat'><em>&#39;</em></span> 
     </span>
     <span class='ocr_line' id='line_1_23' title="bbox 228 2781 1432 2871; baseline -0.004 -17"><span class='ocrx_word' id='word_1_218' title='bbox 228 2799 302 2854; x_wconf 86' lang='lat' dir='ltr'><strong>sont</strong></span> <span class='ocrx_word' id='word_1_219' title='bbox 316 2791 429 2866; x_wconf 73' lang='lat' dir='ltr'><strong>ennio,</strong></span> <span class='ocrx_word' id='word_1_220' title='bbox 446 2797 476 2852; x_wconf 87' lang='lat' dir='ltr'><strong>et</strong></span> <span class='ocrx_word' id='word_1_221' title='bbox 487 2807 564 2871; x_wconf 82' lang='lat' dir='ltr'><strong>quoe</strong></span> <span class='ocrx_word' id='word_1_222' title='bbox 577 2789 735 2852; x_wconf 83' lang='lat' dir='ltr'><strong>illuminet</strong></span> <span class='ocrx_word' id='word_1_223' title='bbox 746 2807 865 2852; x_wconf 86' lang='lat' dir='ltr'><strong>omnem</strong></span> <span class='ocrx_word' id='word_1_224' title='bbox 874 2790 1038 2867; x_wconf 67' lang='lat' dir='ltr'><strong>bemineru·</strong></span> <span class='ocrx_word' id='word_1_225' title='bbox 1052 2789 1106 2853; x_wconf 86' lang='lat' dir='ltr'><strong>sed</strong></span> <span class='ocrx_word' id='word_1_226' title='bbox 1118 2788 1175 2852; x_wconf 83' lang='lat' dir='ltr'><strong>illa</strong></span> <span class='ocrx_word' id='word_1_227' title='bbox 1189 2789 1225 2851; x_wconf 84' lang='lat' dir='ltr'><strong>de</strong></span> <span class='ocrx_word' id='word_1_228' title='bbox 1235 2781 1300 2870; x_wconf 70' lang='lat' dir='ltr'><strong>poe</strong></span> <span class='ocrx_word' id='word_1_229' title='bbox 1312 2788 1375 2851; x_wconf 84' lang='lat' dir='ltr'><strong>diei</strong></span> <span class='ocrx_word' id='word_1_230' title='bbox 1384 2803 1432 2868; x_wconf 85' lang='lat' dir='ltr'><strong>po·</strong></span> 
     </span>
     <span class='ocr_line' id='line_1_24' title="bbox 225 2896 1432 2978; baseline -0.006 -15"><span class='ocrx_word' id='word_1_231' title='bbox 225 2901 297 2963; x_wconf 84' lang='lat' dir='ltr'><strong>tuit:</strong></span> <span class='ocrx_word' id='word_1_232' title='bbox 315 2899 409 2962; x_wconf 84' lang='lat' dir='ltr'><strong>Prior</strong></span> <span class='ocrx_word' id='word_1_233' title='bbox 420 2899 674 2962; x_wconf 84' lang='lat' dir='ltr'><strong>omniumcreeto</strong></span> <span class='ocrx_word' id='word_1_234' title='bbox 685 2907 734 2962; x_wconf 86' lang='lat' dir='ltr'><strong>eat</strong></span> <span class='ocrx_word' id='word_1_235' title='bbox 744 2900 912 2978; x_wconf 78' lang='lat' dir='ltr'><strong>sapientie.</strong></span> <span class='ocrx_word' id='word_1_236' title='bbox 935 2899 1035 2962; x_wconf 86' lang='lat' dir='ltr'><strong>Multo</strong></span> <span class='ocrx_word' id='word_1_237' title='bbox 1057 2898 1161 2960; x_wconf 90' lang='lat' dir='ltr'><strong>minus</strong></span> <span class='ocrx_word' id='word_1_238' title='bbox 1182 2913 1369 2977; x_wconf 82' lang='lat' dir='ltr'><strong>corpoream</strong></span> <span class='ocrx_word' id='word_1_239' title='bbox 1389 2896 1432 2956; x_wconf 81' lang='lat' dir='ltr'><strong>lu-</strong></span> 
     </span>
     <span class='ocr_line' id='line_1_25' title="bbox 227 3005 1432 3087; baseline -0.006 -16"><span class='ocrx_word' id='word_1_240' title='bbox 227 3026 296 3071; x_wconf 90' lang='lat' dir='ltr'><strong>cem</strong></span> <span class='ocrx_word' id='word_1_241' title='bbox 317 3009 403 3071; x_wconf 87' lang='lat' dir='ltr'><strong>illam</strong></span> <span class='ocrx_word' id='word_1_242' title='bbox 426 3008 492 3072; x_wconf 85' lang='lat' dir='ltr'><strong>Deo</strong></span> <span class='ocrx_word' id='word_1_243' title='bbox 508 3015 708 3070; x_wconf 84' lang='lat' dir='ltr'><strong>coaeternam</strong></span> <span class='ocrx_word' id='word_1_244' title='bbox 729 3015 889 3086; x_wconf 88' lang='lat' dir='ltr'><strong>pateretur</strong></span> <span class='ocrx_word' id='word_1_245' title='bbox 908 3008 1115 3087; x_wconf 80' lang='lat' dir='ltr'><strong>Augustinus,</strong></span> <span class='ocrx_word' id='word_1_246' title='bbox 1136 3023 1232 3087; x_wconf 84' lang='lat' dir='ltr'><strong>quam</strong></span> <span class='ocrx_word' id='word_1_247' title='bbox 1254 3007 1366 3069; x_wconf 88' lang='lat' dir='ltr'><strong>Graeci</strong></span> <span class='ocrx_word' id='word_1_248' title='bbox 1386 3005 1432 3066; x_wconf 78' lang='lat' dir='ltr'><strong>Pa·</strong></span> 
     </span>
     <span class='ocr_line' id='line_1_26' title="bbox 226 3113 1479 3196; baseline -0.004 -16"><span class='ocrx_word' id='word_1_249' title='bbox 226 3118 353 3180; x_wconf 85' lang='lat' dir='ltr'><strong>lamitaa</strong></span> <span class='ocrx_word' id='word_1_250' title='bbox 370 3123 405 3179; x_wconf 88' lang='lat' dir='ltr'><strong>el</strong></span> <span class='ocrx_word' id='word_1_251' title='bbox 427 3117 613 3195; x_wconf 83' lang='lat' dir='ltr'><strong>Eugabinus</strong></span> <span class='ocrx_word' id='word_1_252' title='bbox 643 3134 787 3196; x_wconf 87' lang='lat' dir='ltr'><strong>posuere.</strong></span> <span class='ocrx_word' id='word_1_253' title='bbox 810 3116 940 3195; x_wconf 89' lang='lat' dir='ltr'><strong>ltaque,</strong></span> <span class='ocrx_word' id='word_1_254' title='bbox 962 3114 1130 3196; x_wconf 78' lang='lat' dir='ltr'><strong>quemlibet</strong></span> <span class='ocrx_word' id='word_1_255' title='bbox 1155 3113 1255 3176; x_wconf 85' lang='lat' dir='ltr'><strong>lucem</strong></span> <span class='ocrx_word' id='word_1_256' title='bbox 1275 3113 1434 3195; x_wconf 56' lang='lat' dir='ltr'><strong>significet,</strong></span> <span class='ocrx_word' id='word_1_257' title='bbox 1477 3166 1479 3175; x_wconf 92' lang='lat'><em>.</em></span> 
     </span>
     <span class='ocr_line' id='line_1_27' title="bbox 225 3219 1434 3306; baseline -0.005 -18"><span class='ocrx_word' id='word_1_258' title='bbox 225 3228 270 3288; x_wconf 87' lang='lat' dir='ltr'><strong>ait</strong></span> <span class='ocrx_word' id='word_1_259' title='bbox 281 3227 363 3306; x_wconf 91' lang='lat' dir='ltr'><strong>ipse,</strong></span> <span class='ocrx_word' id='word_1_260' title='bbox 379 3226 496 3304; x_wconf 74' lang='lat' dir='ltr'><strong>foetam</strong></span> <span class='ocrx_word' id='word_1_261' title='bbox 512 3232 613 3286; x_wconf 85' lang='lat' dir='ltr'><strong>temera</strong></span> <span class='ocrx_word' id='word_1_262' title='bbox 626 3230 656 3285; x_wconf 85' lang='lat' dir='ltr'><strong>el</strong></span> <span class='ocrx_word' id='word_1_263' title='bbox 671 3230 810 3285; x_wconf 84' lang='lat' dir='ltr'><strong>creatam</strong></span> <span class='ocrx_word' id='word_1_264' title='bbox 822 3223 963 3285; x_wconf 83' lang='lat' dir='ltr'><strong>debemus</strong></span> <span class='ocrx_word' id='word_1_265' title='bbox 974 3223 1124 3300; x_wconf 84' lang='lat' dir='ltr'><strong>occipere.</strong></span> <span class='ocrx_word' id='word_1_266' title='bbox 1140 3220 1185 3284; x_wconf 80' lang='lat' dir='ltr'><strong>Ac</strong></span> <span class='ocrx_word' id='word_1_267' title='bbox 1205 3220 1382 3299; x_wconf 80' lang='lat' dir='ltr'><strong>spiritalem</strong></span> <span class='ocrx_word' id='word_1_268' title='bbox 1395 3219 1434 3282; x_wconf 84' lang='lat' dir='ltr'><strong>lu·</strong></span> 
     </span>
     <span class='ocr_line' id='line_1_28' title="bbox 225 3329 1436 3413; baseline -0.005 -18"><span class='ocrx_word' id='word_1_269' title='bbox 225 3350 297 3395; x_wconf 89' lang='lat' dir='ltr'><strong>cem</strong></span> <span class='ocrx_word' id='word_1_270' title='bbox 315 3337 344 3413; x_wconf 82' lang='lat'><strong>³,</strong></span> <span class='ocrx_word' id='word_1_271' title='bbox 360 3335 410 3395; x_wconf 90' lang='lat' dir='ltr'><strong>vel</strong></span> <span class='ocrx_word' id='word_1_272' title='bbox 424 3332 599 3411; x_wconf 86' lang='lat' dir='ltr'><strong>angelicam</strong></span> <span class='ocrx_word' id='word_1_273' title='bbox 615 3343 772 3406; x_wconf 87' lang='lat' dir='ltr'><strong>naturam,</strong></span> <span class='ocrx_word' id='word_1_274' title='bbox 795 3332 844 3392; x_wconf 85' lang='lat' dir='ltr'><strong>uel</strong></span> <span class='ocrx_word' id='word_1_275' title='bbox 869 3332 960 3393; x_wconf 88' lang='lat' dir='ltr'><strong>huius</strong></span> <span class='ocrx_word' id='word_1_276' title='bbox 984 3330 1227 3392; x_wconf 78' lang='lat' dir='ltr'><strong>illustrationem</strong></span> <span class='ocrx_word' id='word_1_277' title='bbox 1251 3329 1436 3408; x_wconf 76' lang='lat' dir='ltr'><strong>interpreta-¹</strong></span> 
     </span>
     <span class='ocr_line' id='line_1_29' title="bbox 226 3435 1437 3518; baseline -0.005 -16"><span class='ocrx_word' id='word_1_278' title='bbox 226 3449 291 3516; x_wconf 89' lang='lat' dir='ltr'><strong>tur,</strong></span> <span class='ocrx_word' id='word_1_279' title='bbox 306 3447 361 3501; x_wconf 88' lang='lat' dir='ltr'><strong>aut</strong></span> <span class='ocrx_word' id='word_1_280' title='bbox 372 3439 527 3502; x_wconf 89' lang='lat' dir='ltr'><strong>eiusmodi</strong></span> <span class='ocrx_word' id='word_1_281' title='bbox 540 3439 669 3518; x_wconf 86' lang='lat' dir='ltr'><strong>aliquid.</strong></span> <span class='ocrx_word' id='word_1_282' title='bbox 692 3439 753 3499; x_wconf 90' lang='lat' dir='ltr'><strong>Sed</strong></span> <span class='ocrx_word' id='word_1_283' title='bbox 773 3455 957 3518; x_wconf 87' lang='lat' dir='ltr'><strong>corpoream</strong></span> <span class='ocrx_word' id='word_1_284' title='bbox 979 3445 1011 3500; x_wconf 89' lang='lat' dir='ltr'><strong>et</strong></span> <span class='ocrx_word' id='word_1_285' title='bbox 1029 3436 1252 3518; x_wconf 81' lang='lat' dir='ltr'><strong>aspectabilem</strong></span> <span class='ocrx_word' id='word_1_286' title='bbox 1274 3435 1384 3498; x_wconf 87' lang='lat' dir='ltr'><strong>Mosen</strong></span> <span class='ocrx_word' id='word_1_287' title='bbox 1399 3435 1437 3497; x_wconf 86' lang='lat' dir='ltr'><strong>si-</strong></span> 
     </span>
     <span class='ocr_line' id='line_1_30' title="bbox 226 3545 1436 3629; baseline -0.002 -22"><span class='ocrx_word' id='word_1_288' title='bbox 226 3548 402 3628; x_wconf 79' lang='lat' dir='ltr'><strong>gnificasse,</strong></span> <span class='ocrx_word' id='word_1_289' title='bbox 418 3550 482 3611; x_wconf 88' lang='lat' dir='ltr'><strong>lere</strong></span> <span class='ocrx_word' id='word_1_290' title='bbox 497 3565 607 3612; x_wconf 78' lang='lat' dir='ltr'><strong>enanes</strong></span> <span class='ocrx_word' id='word_1_291' title='bbox 622 3549 765 3625; x_wconf 87' lang='lat' dir='ltr'><strong>credunt;</strong></span> <span class='ocrx_word' id='word_1_292' title='bbox 778 3556 872 3629; x_wconf 89' lang='lat' dir='ltr'><strong>atque</strong></span> <span class='ocrx_word' id='word_1_293' title='bbox 884 3548 934 3610; x_wconf 92' lang='lat' dir='ltr'><strong>hic</strong></span> <span class='ocrx_word' id='word_1_294' title='bbox 955 3555 1005 3609; x_wconf 86' lang='lat' dir='ltr'><strong>est</strong></span> <span class='ocrx_word' id='word_1_295' title='bbox 1027 3547 1119 3609; x_wconf 91' lang='lat' dir='ltr'><strong>buius</strong></span> <span class='ocrx_word' id='word_1_296' title='bbox 1135 3545 1196 3608; x_wconf 90' lang='lat' dir='ltr'><strong>loci</strong></span> <span class='ocrx_word' id='word_1_297' title='bbox 1219 3545 1309 3607; x_wconf 89' lang='lat' dir='ltr'><strong>solus</strong></span> <span class='ocrx_word' id='word_1_298' title='bbox 1332 3559 1436 3608; x_wconf 81' lang='lat' dir='ltr'><strong>sensus</strong></span> 
     </span>
     <span class='ocr_line' id='line_1_31' title="bbox 227 3655 1318 3719; baseline -0.001 -2"><span class='ocrx_word' id='word_1_299' title='bbox 227 3655 382 3719; x_wconf 86' lang='lat' dir='ltr'><strong>litteralis.</strong></span> <span class='ocrx_word' id='word_1_300' title='bbox 1104 3655 1105 3658; x_wconf 72' lang='grc'>’</span> <span class='ocrx_word' id='word_1_301' title='bbox 1315 3670 1318 3675; x_wconf 85' lang='grc'>’</span> 
     </span>
    </p>

    <p class='ocr_par' dir='ltr' id='par_1_5' title="bbox 230 3762 1437 3948">
     <span class='ocr_line' id='line_1_32' title="bbox 268 3762 1437 3841; baseline -0.004 -15"><span class='ocrx_word' id='word_1_302' title='bbox 268 3766 351 3836; x_wconf 80' lang='lat' dir='ltr'><strong>Quae</strong></span> <span class='ocrx_word' id='word_1_303' title='bbox 364 3767 458 3826; x_wconf 88' lang='lat' dir='ltr'><strong>buius</strong></span> <span class='ocrx_word' id='word_1_304' title='bbox 481 3764 559 3827; x_wconf 90' lang='lat' dir='ltr'><strong>lueis</strong></span> <span class='ocrx_word' id='word_1_305' title='bbox 582 3765 746 3826; x_wconf 84' lang='lat' dir='ltr'><strong>occasione</strong></span> <span class='ocrx_word' id='word_1_306' title='bbox 771 3771 891 3824; x_wconf 88' lang='lat' dir='ltr'><strong>veteres</strong></span> <span class='ocrx_word' id='word_1_307' title='bbox 914 3762 1102 3838; x_wconf 88' lang='lat' dir='ltr'><strong>scribebant,</strong></span> <span class='ocrx_word' id='word_1_308' title='bbox 1126 3776 1223 3841; x_wconf 87' lang='lat' dir='ltr'><strong>quum</strong></span> <span class='ocrx_word' id='word_1_309' title='bbox 1241 3762 1385 3824; x_wconf 88' lang='lat' dir='ltr'><strong>nondum</strong></span> <span class='ocrx_word' id='word_1_310' title='bbox 1410 3762 1437 3821; x_wconf 92' lang='lat' dir='ltr'><strong>in</strong></span> 
     </span>
     <span class='ocr_line' id='line_1_33' title="bbox 230 3868 1437 3948; baseline -0.002 -15"><span class='ocrx_word' id='word_1_311' title='bbox 230 3886 360 3933; x_wconf 83' lang='lat' dir='ltr'><strong>iratorac</strong></span> <span class='ocrx_word' id='word_1_312' title='bbox 375 3875 502 3934; x_wconf 85' lang='lat' dir='ltr'><strong>scientia</strong></span> <span class='ocrx_word' id='word_1_313' title='bbox 519 3873 599 3934; x_wconf 85' lang='lat' dir='ltr'><strong>lacta</strong></span> <span class='ocrx_word' id='word_1_314' title='bbox 610 3881 676 3934; x_wconf 86' lang='lat' dir='ltr'><strong>erat</strong></span> <span class='ocrx_word' id='word_1_315' title='bbox 690 3873 755 3946; x_wconf 81' lang='lat' dir='ltr'><strong>lux,</strong></span> <span class='ocrx_word' id='word_1_316' title='bbox 772 3879 803 3931; x_wconf 92' lang='lat' dir='ltr'><strong>et</strong></span> <span class='ocrx_word' id='word_1_317' title='bbox 819 3871 860 3931; x_wconf 90' lang='lat' dir='ltr'><strong>nil</strong></span> <span class='ocrx_word' id='word_1_318' title='bbox 876 3871 1006 3931; x_wconf 82' lang='lat' dir='ltr'><strong>sortasse</strong></span> <span class='ocrx_word' id='word_1_319' title='bbox 1021 3872 1050 3931; x_wconf 91' lang='lat' dir='ltr'><strong>in</strong></span> <span class='ocrx_word' id='word_1_320' title='bbox 1066 3869 1203 3948; x_wconf 86' lang='lat' dir='ltr'><strong>physicis</strong></span> <span class='ocrx_word' id='word_1_321' title='bbox 1217 3868 1288 3929; x_wconf 89' lang='lat' dir='ltr'><strong>luce</strong></span> <span class='ocrx_word' id='word_1_322' title='bbox 1302 3879 1372 3930; x_wconf 86' lang='lat' dir='ltr'><strong>erat</strong></span> <span class='ocrx_word' id='word_1_323' title='bbox 1388 3870 1437 3930; x_wconf 92' lang='lat' dir='ltr'><strong>ob·</strong></span> 
     </span>
    </p>
   </div>
   <div class='ocr_carea' id='block_1_4' title="bbox 227 3968 1436 4051">
    <p class='ocr_par' dir='ltr' id='par_1_6' title="bbox 227 3968 1436 4051">
     <span class='ocr_line' id='line_1_34' title="bbox 227 3968 1436 4051; baseline -0.005 -9"><span class='ocrx_word' id='word_1_324' title='bbox 227 3981 350 4042; x_wconf 80' lang='lat' dir='ltr'><strong>neurius</strong></span> <span class='ocrx_word' id='word_1_325' title='bbox 366 4027 372 4051; x_wconf 90' lang='lat'>‚</span> <span class='ocrx_word' id='word_1_326' title='bbox 388 3997 423 4038; x_wconf 84' lang='lat' dir='ltr'><strong>ea</strong></span> <span class='ocrx_word' id='word_1_327' title='bbox 440 4000 522 4042; x_wconf 90' lang='lat' dir='ltr'><strong>nune</strong></span> <span class='ocrx_word' id='word_1_328' title='bbox 546 3981 662 4041; x_wconf 80' lang='lat' dir='ltr'><strong>relerre</strong></span> <span class='ocrx_word' id='word_1_329' title='bbox 683 3989 714 4040; x_wconf 92' lang='lat' dir='ltr'><strong>et</strong></span> <span class='ocrx_word' id='word_1_330' title='bbox 726 3980 863 4040; x_wconf 80' lang='lat' dir='ltr'><strong>examini</strong></span> <span class='ocrx_word' id='word_1_331' title='bbox 884 3978 1047 4051; x_wconf 89' lang='lat' dir='ltr'><strong>subiicere,</strong></span> <span class='ocrx_word' id='word_1_332' title='bbox 1064 3995 1178 4040; x_wconf 86' lang='lat' dir='ltr'><strong>vanum</strong></span> <span class='ocrx_word' id='word_1_333' title='bbox 1206 3978 1320 4039; x_wconf 87' lang='lat' dir='ltr'><strong>saltem</strong></span> <span class='ocrx_word' id='word_1_334' title='bbox 1350 3968 1436 4040; x_wconf 87' lang='lat' dir='ltr'><strong>leret.</strong></span> 
     </span>
    </p>
   </div>
   <div class='ocr_carea' id='block_1_5' title="bbox 261 4116 1370 4376">
    <p class='ocr_par' dir='ltr' id='par_1_7' title="bbox 261 4116 1370 4376">
     <span class='ocr_line' id='line_1_35' title="bbox 265 4116 680 4180; baseline 0.002 -12"><span class='ocrx_word' id='word_1_335' title='bbox 265 4121 276 4168; x_wconf 92' lang='lat' dir='ltr'><strong>l</strong></span> <span class='ocrx_word' id='word_1_336' title='bbox 301 4119 338 4168; x_wconf 84' lang='lat' dir='ltr'><strong>Dc</strong></span> <span class='ocrx_word' id='word_1_337' title='bbox 359 4116 426 4166; x_wconf 83' lang='lat' dir='ltr'><strong>Gen.</strong></span> <span class='ocrx_word' id='word_1_338' title='bbox 446 4116 509 4180; x_wconf 83' lang='lat' dir='ltr'><strong>imp.</strong></span> <span class='ocrx_word' id='word_1_339' title='bbox 529 4118 557 4166; x_wconf 82' lang='lat' dir='ltr'><strong>C.</strong></span> <span class='ocrx_word' id='word_1_340' title='bbox 580 4120 593 4166; x_wconf 90' lang='lat'><strong>1</strong></span> <span class='ocrx_word' id='word_1_341' title='bbox 613 4125 639 4169; x_wconf 88' lang='lat' dir='ltr'><strong>et</strong></span> <span class='ocrx_word' id='word_1_342' title='bbox 656 4132 680 4168; x_wconf 85' lang='lat' dir='ltr'><strong>s.</strong></span> 
     </span>
     <span class='ocr_line' id='line_1_36' title="bbox 261 4211 764 4264; baseline -0.002 0"><span class='ocrx_word' id='word_1_343' title='bbox 261 4216 278 4264; x_wconf 79' lang='lat'><strong>2</strong></span> <span class='ocrx_word' id='word_1_344' title='bbox 296 4216 334 4264; x_wconf 87' lang='lat' dir='ltr'><strong>De</strong></span> <span class='ocrx_word' id='word_1_345' title='bbox 355 4216 423 4264; x_wconf 82' lang='lat' dir='ltr'><strong>Gen.</strong></span> <span class='ocrx_word' id='word_1_346' title='bbox 441 4211 477 4260; x_wconf 84' lang='lat' dir='ltr'><strong>od</strong></span> <span class='ocrx_word' id='word_1_347' title='bbox 494 4211 537 4263; x_wconf 76' lang='lat' dir='ltr'><strong>tlt.</strong></span> <span class='ocrx_word' id='word_1_348' title='bbox 559 4216 580 4264; x_wconf 87' lang='lat' dir='ltr'><strong>l.</strong></span> <span class='ocrx_word' id='word_1_349' title='bbox 598 4226 622 4263; x_wconf 87' lang='lat' dir='ltr'><strong>c.</strong></span> <span class='ocrx_word' id='word_1_350' title='bbox 640 4216 657 4263; x_wconf 82' lang='grc'>3</span> <span class='ocrx_word' id='word_1_351' title='bbox 676 4220 702 4264; x_wconf 89' lang='lat' dir='ltr'><strong>et</strong></span> <span class='ocrx_word' id='word_1_352' title='bbox 721 4213 764 4264; x_wconf 89' lang='grc'><strong>17.</strong></span> 
     </span>
     <span class='ocr_line' id='line_1_37' title="bbox 262 4307 1370 4376; baseline 0.002 -15"><span class='ocrx_word' id='word_1_353' title='bbox 262 4312 277 4361; x_wconf 84' lang='grc'>3</span> <span class='ocrx_word' id='word_1_354' title='bbox 296 4311 334 4362; x_wconf 88' lang='lat' dir='ltr'><strong>Dc</strong></span> <span class='ocrx_word' id='word_1_355' title='bbox 355 4310 422 4360; x_wconf 84' lang='lat' dir='ltr'><strong>Gen.</strong></span> <span class='ocrx_word' id='word_1_356' title='bbox 443 4307 479 4358; x_wconf 81' lang='lat' dir='ltr'><strong>od</strong></span> <span class='ocrx_word' id='word_1_357' title='bbox 497 4307 541 4358; x_wconf 77' lang='lat' dir='ltr'><strong>tit.</strong></span> <span class='ocrx_word' id='word_1_358' title='bbox 561 4309 583 4359; x_wconf 92' lang='lat' dir='ltr'><strong>l.</strong></span> <span class='ocrx_word' id='word_1_359' title='bbox 603 4322 626 4358; x_wconf 88' lang='lat' dir='ltr'><strong>e.</strong></span> <span class='ocrx_word' id='word_1_360' title='bbox 645 4309 671 4360; x_wconf 85' lang='lat'><strong>3.</strong></span> <span class='ocrx_word' id='word_1_361' title='bbox 690 4309 729 4359; x_wconf 85' lang='lat' dir='ltr'><strong>De</strong></span> <span class='ocrx_word' id='word_1_362' title='bbox 750 4308 810 4360; x_wconf 76' lang='lat' dir='ltr'><strong>cto.</strong></span> <span class='ocrx_word' id='word_1_363' title='bbox 830 4311 889 4362; x_wconf 83' lang='lat' dir='ltr'><strong>Det.</strong></span> <span class='ocrx_word' id='word_1_364' title='bbox 910 4314 944 4376; x_wconf 86' lang='lat' dir='ltr'><strong>ll,</strong></span> <span class='ocrx_word' id='word_1_365' title='bbox 963 4314 980 4363; x_wconf 82' lang='lat'>7</span> <span class='ocrx_word' id='word_1_366' title='bbox 999 4318 1024 4363; x_wconf 88' lang='lat' dir='ltr'><strong>ot</strong></span> <span class='ocrx_word' id='word_1_367' title='bbox 1041 4313 1067 4363; x_wconf 86' lang='grc'><strong>9.</strong></span> <span class='ocrx_word' id='word_1_368' title='bbox 1092 4310 1170 4375; x_wconf 72' lang='lat' dir='ltr'><strong>Ceos.</strong></span> <span class='ocrx_word' id='word_1_369' title='bbox 1191 4310 1224 4373; x_wconf 87' lang='lat' dir='ltr'><strong>ll,</strong></span> <span class='ocrx_word' id='word_1_370' title='bbox 1243 4312 1262 4362; x_wconf 77' lang='grc'><strong>9</strong></span> <span class='ocrx_word' id='word_1_371' title='bbox 1278 4316 1305 4364; x_wconf 84' lang='lat' dir='ltr'><strong>et</strong></span> <span class='ocrx_word' id='word_1_372' title='bbox 1327 4313 1370 4363; x_wconf 76' lang='lat' dir='ltr'><strong>ln.</strong></span> 
     </span>
    </p>
   </div>
   <div class='ocr_carea' id='block_1_6' title="bbox 0 0 1490 5002">
    <p class='ocr_par' dir='ltr' id='par_1_8' title="bbox 0 0 1490 5002">
     <span class='ocr_line' id='line_1_38' title="bbox 0 0 1490 5002; baseline 0 1"><span class='ocrx_word' id='word_1_373' title='bbox 0 0 1490 5002; x_wconf 95' lang='lat' dir='ltr'><strong> </strong></span> 
     </span>
    </p>
   </div>
  </div>
 </body>
</html>
