2970 5002
1219 326 1261 388 ts

43 445 975 534 imperfectaarpatatllrattantroparaparspictantm,quaa
998 457 1187 519 naturalium
1210 459 1259 520 le-

39 558 338 637 gumoperationem
347 557 508 623 manifeste
520 560 704 638 produnt,et
714 562 901 624 anteriorem
911 564 1042 626 fluidum
1055 571 1171 628 statum
1181 584 1259 646 sup-

40 672 175 743 panum.
183 668 339 748 Secundo,
349 669 379 730 in
391 668 770 749 physiciscbaracteribus
784 689 931 756 maguam
940 675 1115 753 analogiam
1132 685 1256 738 terrena

36 777 91 839 illa
105 778 278 840 ostendunt
288 796 359 841 cum
375 779 506 841 terrenis
521 779 704 856 vulcanicis,
717 781 803 861 qnod
818 783 912 846 aliam
927 783 1057 861 originis
1072 785 1255 848 similltndi·

41 901 116 947 nem
139 884 278 949 indicare
293 887 522 950 alternarum
544 887 739 949 substantiae
754 906 834 970 quae
857 890 1034 970 primitivae
1050 892 1152 952 dictae
1167 899 1254 972 suut,

39 1004 75 1058 ut
88 996 259 1077 grunitum,
276 997 447 1077 aliquando
461 1015 501 1058 ex
515 997 579 1064 imo.
593 1014 628 1059 se
642 997 810 1062 eiaculatus
823 1001 899 1063 satis
914 1003 1097 1072 ostendunt,
1114 1010 1145 1062 at
1161 1001 1193 1061 in
1208 1001 1255 1063 in·

36 1105 171 1167 teretitia
192 1105 456 1186 superiacentium
478 1106 604 1184 rupium
624 1106 809 1169 insinuatas.
827 1109 990 1170 Praeterea
1005 1124 1099 1188 saepe
1113 1111 1153 1170 all
1171 1109 1254 1171 latus

36 1214 269 1293 primitivarum
290 1213 417 1292 rupium
438 1213 581 1276 adiacent
604 1221 702 1295 strata
723 1215 910 1295 fossilifera,
926 1219 1054 1278 amaris
1069 1218 1255 1279 sedimeutis

39 1322 189 1401 formala,
202 1321 288 1402 quod
297 1323 435 1385 marinae
446 1325 763 1388 ostenduntexuviaa:
778 1325 854 1387 haec
865 1332 1043 1390 autemnon
1055 1325 1258 1406 ampliusbo·

37 1431 223 1494 rizontalcm
244 1441 299 1495 aut
319 1431 385 1494 fere
406 1433 633 1497 horizontalem
649 1433 873 1512 directionem,
892 1450 988 1517 quarn
1009 1444 1094 1498 certe
1109 1436 1256 1517 primitus

38 1541 194 1619 habuere,
220 1542 276 1605 sed
300 1543 393 1604 valde
407 1543 568 1624 obliquam
583 1550 615 1605 et
631 1540 803 1624 aliquando
818 1546 997 1607 verticalam
1014 1545 1253 1626 praeseferunt,

36 1654 132 1729 quam
156 1666 267 1714 novam
283 1652 472 1730 positionem
497 1652 608 1731 procul
624 1652 720 1715 dnbio
735 1660 896 1732 acceptam
912 1653 1053 1715 referunt
1068 1654 1254 1716 substantiis

38 1760 111 1840 illis,
127 1777 205 1840 quas
221 1760 355 1822 dicimus
373 1760 569 1840 primitivus,
587 1778 604 1821 e
618 1759 777 1841 profundo
791 1762 1030 1842 erumpentibus
1052 1770 1084 1825 at
1100 1761 1131 1822 in
1152 1763 1254 1823 altum

39 1870 265 1932 extollentibus
280 1887 360 1949 quas
374 1869 451 1948 ipsis
465 1869 651 1933 obstabant:
667 1871 752 1952 quod
767 1871 893 1934 nonnisi
914 1871 945 1932 vi
960 1872 1157 1933 subterranei
1173 1871 1255 1948 ignis

38 1977 105 2039 fieri
121 1977 263 2056 potuisse
275 1977 415 2039 videtur:
431 1976 685 2060 abhocproinde
696 1997 845 2060 praesens
857 1980 985 2042 illorum
998 1995 1169 2060 corporum
1193 1983 1257 2042 sta·

38 2093 89 2148 tus
100 2087 256 2166 originem
268 2087 392 2149 trahere
405 2087 557 2152 dicandus
569 2097 628 2153 est.
643 2091 783 2153 Tandem
797 2091 1008 2165 inveniuntur,
1023 2092 1135 2154 saltem
1148 2092 1179 2152 in
1193 2098 1254 2154 ter-

37 2198 121 2260 renis
138 2197 304 2276 primitivis
317 2201 482 2275 perstrata
496 2196 651 2256 distinctis
667 2244 674 2274 ,
690 2199 723 2256 in
736 2197 811 2276 ipsis
833 2198 900 2257 saxi
916 2197 1100 2274 visceribus,
1117 2199 1253 2262 aliorum

38 2305 182 2387 lapidum
196 2304 370 2382 fragmenta
385 2310 416 2365 et
436 2303 505 2383 ipsa
520 2320 560 2365 ex
574 2303 742 2382 primitivis
762 2303 909 2382 rupibus,
925 2310 956 2365 at
971 2304 1112 2365 diversae
1126 2303 1254 2382 specici;

34 2414 122 2495 qnod
136 2406 273 2475 ostendit
290 2463 298 2494 ,
315 2406 367 2475 illa
382 2429 439 2475 nec
450 2411 617 2494 primitiva
638 2411 746 2473 stricto
762 2429 857 2476 sensu
881 2429 939 2474 nec
952 2413 984 2474 in
1009 2429 1047 2475 co
1062 2463 1069 2488 ‚
1086 2430 1150 2492 qno
1166 2428 1251 2476 nunc

33 2521 297 2600 conspiciuntur,
324 2528 407 2584 statu
430 2520 527 2584 fnisse
549 2527 664 2583 creata.
695 2520 805 2582 Omnia
827 2521 922 2599 igilur
944 2538 1025 2602 quae
1038 2521 1249 2584 observantur

36 2645 180 2710 terrena,
198 2640 270 2712 post
284 2632 473 2696 creationem
486 2631 639 2707 materici,
656 2637 785 2694 naturae
800 2631 929 2707 viribus,
946 2633 967 2693 i.
985 2647 1013 2694 e.
1030 2632 1116 2693 iuxta
1133 2633 1253 2709 legcsa

34 2745 182 2807 Creatore
196 2741 358 2822 impositas
371 2758 540 2821 corporeae
553 2749 693 2819 naturae,
707 2738 866 2802 elaborata
882 2740 979 2802 fuere.
990 2740 1142 2818 Analogia
1156 2741 1250 2822 duce,

36 2853 121 2914 idern
134 2850 261 2914 credere
272 2866 441 2930 possumus
452 2851 490 2911 de
504 2848 615 2912 solidis
626 2848 1023 2911 substantiisrninaralibus
1035 2846 1249 2926 inferioribus,

34 2976 172 3041 quorum
188 2964 317 3039 aspectu
332 2957 392 3020 frui
408 2956 499 3021 nobis
522 2975 584 3021 non
600 2956 682 3019 licat.
698 2958 817 3021 Revera
834 2957 923 3019 nulla
938 2964 1069 3038 apparet
1085 2959 1177 3037 ratio,
1194 2974 1255 3020 cur

36 3070 120 3132 Deus
136 3068 301 3131 interiores
316 3074 420 3147 partes
435 3065 520 3145 globi
538 3067 717 3129 immediata
732 3067 900 3145 perfecisse
916 3067 1068 3128 dicendus
1084 3068 1135 3142 sit;
1152 3068 1247 3127 corti⁴

33 3194 103 3240 cern
119 3194 192 3242 vero
207 3176 388 3245 hominibus
403 3177 522 3251 datum,
540 3174 635 3237 veluti
651 3192 718 3235 rem
733 3175 864 3235 minoris
881 3175 1046 3250 momenti,
1062 3174 1179 3234 caussis
1195 3193 1249 3235 se·

33 3287 147 3349 cundis
161 3285 351 3366 permisisse.
364 3284 504 3346 Iamvero
520 3281 547 3344 si
564 3289 629 3345 tota
645 3281 767 3372 telluris
782 3298 855 3360 pars
871 3280 969 3341 solida
987 3288 1115 3341 naturae
1126 3281 1245 3344 viribus

32 3394 174 3475 perfecta
186 3403 244 3469 est,
258 3394 318 3455 lroc
333 3403 416 3453 certe
432 3409 512 3470 opus
535 3408 597 3454 non
614 3390 672 3451 fuit
686 3406 860 3470 paucorum
876 3388 1009 3450 dierum.
1029 3385 1178 3452 bliracnlo
1190 3407 1248 3452 ac·

31 3506 190 3567 caloratos
206 3521 223 3564 a
240 3502 304 3565 Deo
321 3507 450 3562 naturae
466 3499 596 3561 effectus
611 3515 763 3577 asserere,
781 3499 1029 3577 inopportunum
1045 3506 1143 3576 asscl3
1160 3498 1247 3579 quod

31 3612 144 3694 paullo
159 3619 230 3673 ante
246 3628 317 3672 cum
332 3609 443 3672 Suasio
456 3607 670 3669 advertebam.
684 3605 747 3668 Nec
757 3605 881 3669 Percrio
897 3608 999 3685 placet
1014 3606 1115 3668 llaum
1128 3623 1247 3684 suppo·

27 3739 109 3784 nere
124 3720 154 3782 in
166 3720 355 3800 perficienda
368 3726 480 3781 natura
491 3702 688 3793 frangentem
708 3715 792 3792 leges
806 3733 824 3776 a
842 3733 876 3775 se
890 3715 949 3794 ipsi
962 3723 1092 3778 naturae
1118 3714 1247 3792 imposi-

30 3842 103 3909 tas3
120 3837 152 3892 et
163 3828 331 3906 confugero
343 3829 372 3889 in
386 3828 523 3907 physicis
533 3826 574 3887 ad
589 3826 740 3887 miracula
753 3843 816 3887 non
827 3825 1013 3896 neccssaria,
1036 3825 1089 3901 ait,
1105 3823 1187 3883 idem
1199 3839 1248 3883 es·
1295 3819 1299 3825 '

26 3959 64 4005 sc
78 3956 115 3999 ac
131 3940 288 4000 rationum
302 3934 459 3997 defectum
470 3934 557 3996 fateri
575 3931 601 4013 ¹,
616 3933 704 4014 quod
716 3934 784 3994 eius
797 3931 925 3993 effatum
938 3928 1033 3992 refert
1045 3935 1077 3991 et
1089 3929 1246 4009 approbat

28 4049 64 4111 Ρ.
83 4046 213 4110 Nicolal.
231 4043 247 4087 2
1224 4124 1225 4127 Ἴ

71 4155 182 4221 XVlll.
198 4154 291 4233 llagis
308 4152 469 4214 euidenter
484 4151 710 4231 consequentia
721 4147 775 4212 illa
787 4145 949 4211 descendit
960 4163 999 4209 ax
1015 4145 1158 4224 diligenti
1169 4159 1246 4205 cna-

65 4300 80 4347 1
102 4300 132 4348 lu
150 4299 215 4349 Gen.
236 4298 271 4347 ll.
290 4295 316 4359 b,
335 4295 362 4346 o.
448 4342 451 4347 .

65 4392 218 4445 Mariani
236 4392 277 4442 sal
300 4392 367 4442 Gru.
386 4394 444 4444 ch.
466 4391 532 4454 xvi,
554 4403 578 4456 p.
599 4388 661 4445 295.
