2970 5002
1234 296 1272 358 41

50 449 152 515 qnam
171 452 227 516 per
242 432 336 498 breve
352 443 477 517 tempus
488 433 680 516 conspicitur
691 452 699 511 ς
711 432 873 498 eliaerero
888 437 1025 514 quatuor
1037 434 1109 495 raro
1125 430 1217 494 simul
1229 450 1270 494 o·
1328 484 1330 488 Α

53 559 147 604 mnes
166 559 261 621 super
283 543 476 606 horizontem
498 543 660 622 adparent.
678 541 741 603 llae
753 549 851 605 totam
867 541 1104 605 constituissent
1123 540 1271 604 militiam
1294 597 1296 603 .

56 647 191 710 Cocliab
202 649 326 711 Adamo
337 650 446 729 primis
464 651 553 711 annis
569 648 806 728 inspiciendam;
818 648 905 728 quod
925 665 998 711 cum
1022 648 1180 712 Geneseos
1195 666 1270 712 con·

55 762 145 815 textu
158 772 222 816 non
234 757 309 818 satis
324 756 400 817 mihi
410 773 582 832 congruere
596 756 729 818 videtur.
741 755 790 818 Ad
804 755 956 817 miracula
970 754 1148 833 confugere,
1172 755 1268 818 nullis

57 861 204 937 testibus,
224 861 394 925 ridiculum
415 869 513 924 esset:
537 879 600 924 non
624 870 673 924 est
692 864 748 925 tali
767 861 1013 942 dipnnscicdicc
1032 863 1142 924 nodus.
1175 862 1288 925 Docet·

57 969 144 1030 enim
165 969 204 1030 ad
226 987 294 1032 rem
318 971 448 1033 Suarius
470 987 542 1032 cum
563 970 622 1032 ΤΤ.
650 972 823 1033 communi:
851 971 989 1050 cOpera
1011 971 1200 1034 miraculosa
1220 969 1289 1032 vel.

59 1099 76 1136 a
93 1078 341 1140 extraordinaria
354 1079 473 1159 absque
489 1080 674 1142 necessitate
688 1081 736 1142 vel
748 1080 911 1141 sufficienti
924 1078 1104 1141 testimonio
1115 1079 1290 1141 audienda:

61 1207 78 1243 «
101 1202 166 1248 non
187 1194 300 1248 sunt.»
321 1186 339 1267 (
349 1189 394 1249 De
405 1205 497 1268 opere
510 1205 572 1251 saec
586 1189 667 1250 dier.
684 1189 719 1249 L.
733 1191 770 1250 11
780 1206 806 1252 c.
822 1191 853 1264 7,
865 1187 898 1268 ).
910 1187 988 1249 Hine
1009 1186 1204 1266 probabilius
1225 1186 1270 1263 frt,

58 1303 189 1370 tempus
209 1296 294 1374 quod
316 1295 655 1359 bominisereationem
677 1299 846 1359 antecessit
876 1297 961 1359 haud
982 1295 1025 1358 ita
1047 1295 1142 1358 breve
1163 1293 1272 1357 fuisse.

60 1400 181 1463 Verum
197 1402 321 1467 eCoelo
335 1405 458 1466 sidereo
481 1406 512 1466 in
537 1414 653 1467 terram
666 1405 907 1467 descendamus.

100 1509 192 1572 XVll.
208 1510 336 1573 Parvam
348 1513 434 1591 globi
442 1514 601 1594 -terraquei
616 1512 877 1595 partem,seilieet
889 1512 1040 1576 corticem
1053 1513 1270 1592 solummodo,
1286 1556 1289 1561 »

60 1620 270 1698 explorationi
282 1621 437 1683 humanae
450 1623 638 1701 permissum
651 1639 731 1697 esse,
748 1622 825 1683 satis
836 1628 978 1684 constat:
994 1620 1190 1685 coniiciendo
1204 1628 1273 1684 tan·

65 1735 134 1790 tam
149 1736 181 1790 et
205 1730 388 1807 phantasiae
403 1730 541 1791 habenas
560 1730 734 1792 relaxando
757 1729 938 1809 philosophi
962 1736 994 1791 et
1016 1738 1127 1810 poetae
1142 1729 1274 1793 inferius

63 1835 270 1898 descendunt.
287 1834 448 1897 Crassities
460 1836 615 1914 explorati
627 1837 752 1899 corticis
767 1838 817 1898 vix
831 1838 1026 1917 pervenitad
1041 1837 1164 1898 leucam
1175 1857 1182 1915 ;
1194 1854 1289 1918 quae:

63 1941 113 1997 est
128 1920 197 2031 3:3-
212 1950 284 2013 pars
298 1935 452 1997 terrestris
471 1935 629 1997 diametri.
644 1934 827 2014 Exploratio
849 1942 953 1996 tamen
968 1932 1062 1995 huius
1082 1934 1184 1997 tenuis
1201 1952 1273 1997 cor-

64 2033 136 2098 ticis
148 2035 222 2095 satis
235 2033 293 2094 fuit
307 2082 314 2112 ,
331 2041 366 2094 ut
379 2032 477 2097 nrulla
491 2041 588 2111 certo,
602 2031 703 2095 multa
718 2049 792 2094 nero
805 2032 1013 2112 probabiliter
1024 2033 1289 2108 determinaren-¹

63 2150 117 2205 tur
129 2140 234 2222 quoad
249 2141 447 2218 geogoniam,
469 2157 613 2220 quaeque
633 2156 707 2202 cnm
719 2140 814 2212 lllosis
832 2139 1011 2227 narratione
1026 2143 1145 2219 optime
1166 2143 1290 2211 conci-¹

61 2248 181 2310 llantur
195 2246 220 2324 ¹,
236 2247 409 2312 dummodo
421 2247 564 2323 angustis
581 2246 732 2323 temporis
752 2244 905 2306 limitibus
926 2245 1106 2321 geologieae
1121 2247 1278 2326 operatio-

63 2374 122 2419 nes
138 2371 200 2417 non
212 2355 390 2433 alligentur.
407 2353 472 2416 Hoc
492 2353 620 2416 unicum
643 2363 692 2415 est
705 2352 867 2432 geologiae
886 2353 1108 2433 postulatuma
1127 2370 1190 2433 quo
1203 2371 1274 2417 con·

64 2480 166 2540 cesso,
185 2478 247 2525 non
261 2462 403 2524 inutilem
415 2461 467 2522 illa
479 2461 595 2524 sociam
609 2470 642 2523 et
655 2463 787 2530 amicam
801 2461 960 2539 Religioni
974 2477 1043 2524 sese
1056 2461 1159 2525 offert.

106 2568 271 2641 Quomodo
282 2568 333 2631 hic
344 2575 454 2645 cortex
469 2569 660 2631 constitutus
673 2571 725 2642 sit,
743 2569 929 2633 brevissime
938 2570 1152 2652 inspiciamus.
1165 2570 1275 2634 Tellu-

65 2678 110 2741 ris
124 2678 292 2757 epidermis
307 2687 431 2741 terreno
442 2679 543 2740 cultui
559 2678 672 2741 idoneo
703 2695 770 2754 seu,
789 2685 823 2742 ut
835 2679 932 2742 modo
953 2680 1073 2755 dieunt,
1088 2687 1176 2743 terre
1189 2697 1276 2762 cepe·

65 2786 125 2852 tctt
150 2786 361 2866 componitur.
387 2787 492 2849 Multis
510 2787 541 2848 in
557 2786 633 2850 loeis
657 2787 811 2867 adparent
825 2789 872 2850 vel
891 2788 951 2851 sub
966 2797 1092 2853 terreno
1114 2789 1170 2851 illo
1187 2790 1288 2871 inve-¹

64 2895 207 2974 niuntur,
224 2895 288 2957 sive
301 2893 474 2958 fluvialium
486 2895 682 2959 alluvionum
712 2895 927 2975 depositiones
941 2898 1007 2957 sire
1024 2896 1105 2958 aliae
1123 2915 1279 2978 aquarum

63 3003 337 3078 continentalium,
356 3001 543 3083 plerumque
556 3002 721 3066 cclecrece
736 3003 784 3085 (nt
801 3004 880 3083 lapis
896 3003 1069 3067 tiburtinus
1085 3007 1280 3087 appellatus)

65 3113 133 3175 sive
145 3127 278 3190 corpora
291 3128 308 3172 a
322 3109 466 3184 vulcenis
480 3111 589 3192 eiecta;
611 3128 693 3190 quae
708 3112 965 3190 circumscriptae
979 3119 1011 3173 et
1024 3113 1141 3174 locales
1154 3112 1279 3190 forme-

68 3219 167 3285 tiones
182 3219 313 3280 suntvel
326 3226 467 3280 recentes
480 3220 526 3280 rel
542 3227 722 3298 temporum
736 3234 798 3279 non
812 3219 892 3281 adeo
908 3220 1123 3298 antiquorum,
1134 3220 1182 3280 rel
1198 3228 1283 3283 certe

66 3323 306 3406 formationibus
317 3325 416 3402 magis
428 3326 564 3387 extensis
578 3334 610 3386 et
624 3325 859 3387 subiacentibus
876 3329 1081 3388 recentiores.
1095 3327 1160 3388 Sub
1177 3328 1236 3390 hac
1251 3345 1283 3389 e-

69 3434 270 3514 pidermide‚
296 3435 322 3495 si
344 3433 501 3512 fodiatur,
538 3437 695 3515 reperitur
716 3436 814 3497 series
849 3443 1019 3497 stratorum
1042 3452 1123 3514 quae
1144 3437 1283 3514 plerum-

68 3560 144 3622 que,
158 3545 186 3604 si
199 3543 232 3604 in
244 3542 371 3624 planitie
386 3540 534 3618 fodimus,
549 3543 737 3625 horizontali
754 3543 918 3606 directioni
938 3543 1028 3605 valde
1046 3545 1214 3623 accedunt,
1232 3547 1284 3604 al-

106 3726 122 3775 1
142 3739 157 3774 n
174 3722 327 3792 cependant
343 3721 382 3777 les
399 3725 527 3778 resultats
545 3724 658 3778 obtenus
675 3740 723 3792 par
740 3727 766 3779 la
785 3726 858 3781 seule
877 3725 1075 3780 consideration
1093 3725 1211 3777 decetne
1229 3724 1283 3779 fra·

70 3818 144 3871 etion
161 3820 290 3883 minime,
310 3826 356 3871 ont
372 3820 432 3872 euffl
451 3834 516 3886 pour
534 3823 599 3874 tirer
616 3821 664 3874 des
680 3824 876 3888 consequences
894 3822 947 3874 tris
964 3823 1156 3887 imponantes,
1174 3826 1201 3870 et
1219 3833 1286 3886 pour

71 3913 184 3967 deduire
202 3914 281 3967 d’une
297 3915 415 3968 muniere
426 3931 501 3971 assez
513 3917 644 3985 plausible
662 3932 698 3971 nn
716 3919 831 3986 systema
848 3917 882 3970 de
896 3919 1020 3983 cleponis
1037 3915 1206 3968 satisfaisaut
1218 3930 1285 3983 pour

75 4019 154 4063 notre
171 4011 363 4077 intelligam,
390 4021 416 4065 et
433 4013 618 4078 parfaitement
635 4015 765 4068 d'accord
789 4026 852 4067 eree
869 4013 895 4064 le
919 4011 985 4063 tecit
1010 4009 1057 4064 des
1075 4010 1158 4064 lieres
1176 4013 1282 4076 saints3

71 4105 186 4160 resultat
202 4105 330 4160 ductant
348 4107 409 4174 plns
427 4110 608 4178 remarqrnhtc
624 4111 691 4176 qu’a
709 4111 826 4176 lipaque
844 4108 878 4160 od
896 4121 939 4160 ces
957 4099 1038 4162 livres
1050 4108 1142 4161 ferent
1155 4109 1235 4161 acrias
1252 4122 1287 4161 on

72 4203 180 4257 n’arait
196 4219 290 4260 encore
310 4221 411 4260 aucune
427 4206 613 4260 connaissance
630 4203 729 4257 directe
746 4218 792 4257 sur
808 4206 834 4257 la
854 4205 986 4260 structure
1003 4204 1036 4260 de
1053 4204 1080 4258 la
1100 4211 1167 4259 terre
1185 4220 1199 4254 n
1213 4203 1285 4258 Sala-

72 4317 153 4358 cronx
172 4304 244 4361 Hist.
262 4304 328 4359 Nat.
350 4305 425 4364 Geel.
445 4304 541 4368 (raris
559 4302 643 4370 1836)
661 4316 688 4370 p.
708 4303 769 4360 913.
789 4317 815 4362 r·
834 4317 861 4372 11.
881 4303 941 4356 917.
