2970 5002
1281 271 1343 335 tur

130 421 151 466 r
173 399 331 469 calculum
346 400 549 469 contuerunt.
562 403 664 472 mnne
689 404 853 469 sacculum
873 421 950 469 suns
978 406 1108 470 adducit
1133 423 1345 490 progressus,

132 535 147 570 a
171 520 266 593 etque
281 512 382 578 omnis
395 512 526 578 bumsni
537 512 667 592 spiritus
681 512 844 591 proiectus
869 514 910 577 ud
924 514 1064 580 veritatis
1090 525 1236 580 aeternae
1264 533 1349 581 con·

136 642 150 676 a
174 599 383 683 firmationem
397 637 515 683 novum
537 619 628 682 affert
641 627 868 697 argumentum
879 640 909 685 »a

141 781 144 787 .
169 730 338 797 Marcellus
360 731 399 793 de
411 731 519 794 Serres
533 731 644 795 scribit
662 726 688 791 1²:
707 729 961 808 «incitabimur,
978 749 1078 815 aeque
1104 751 1142 796 uc
1165 735 1252 797 iuxta
1266 753 1346 814 geo-

132 860 153 903 a
174 839 293 918 logicas
313 839 565 919 observationes,
580 861 599 903 n
614 842 836 917 vegetantibus
852 849 885 904 et
913 842 1017 921 primo
1045 862 1063 904 a
1085 842 1202 921 plantis
1230 844 1348 908 nerna.
1382 821 1387 831 ⁸

129 969 148 1011 u
173 948 237 1010 ccis
261 948 365 1015 vitria
381 951 496 1013 tellure
509 949 639 1029 incepit.
653 951 774 1014 Saltem
786 969 923 1029 magnus.
941 951 995 1014 iiie
1008 952 1178 1015 historicus
1199 955 1350 1016 consun-

131 1079 149 1122 α
174 1065 221 1123 ter
243 1058 461 1123 tentamenta
487 1059 605 1138 lipsium
632 1061 788 1139 nominat3
816 1064 961 1143 quemvis
981 1062 1110 1126 arbores
1131 1054 1226 1140 longe
1248 1065 1349 1141 mngis

131 1190 147 1225 r
170 1169 281 1231 oculos
302 1170 342 1230 ad
362 1185 399 1231 se
419 1167 545 1238 trabunt
565 1185 660 1250 quem
679 1169 821 1234 barbula.
839 1171 925 1234 iisne
950 1189 1027 1249 ergo
1056 1172 1235 1252 veri-tatem,
1264 1190 1353 1253 quae:

129 1297 148 1339 r
172 1295 259 1339 nunc
280 1276 485 1340 solummedo
499 1285 573 1356 post
594 1278 697 1341 multu
724 1274 980 1344 observationum
1003 1281 1127 1345 saccula
1150 1283 1349 1348 demonstra·

136 1406 151 1439 «
176 1392 206 1447 ta
227 1390 286 1459 est,
303 1384 515 1462 illetenebat;
542 1397 657 1466 nempe
680 1388 816 1450 virentis
844 1388 875 1450 in
904 1389 1028 1453 ratione
1055 1391 1176 1453 inversa
1206 1391 1343 1470 compli-

133 1493 310 1556 «cationis
328 1502 631 1567 eorumstructumc
659 1497 757 1560 altera
784 1500 894 1562 alteris
919 1500 1140 1578 praecessisse.
1158 1501 1347 1563 lluinsmodi

131 1625 149 1666 u
173 1604 319 1683 stirpium
335 1603 495 1665 successio
509 1619 583 1665 cum
598 1604 656 1666 bec
672 1605 919 1685 complicatione·
938 1606 1121 1675 relationem
1137 1607 1256 1668 bobane
1278 1607 1347 1668 vel·

136 1734 154 1777 r
177 1714 283 1776 deest
309 1712 511 1780 attendenda.
529 1710 643 1774 ilicum
666 1722 737 1791 est,
762 1714 850 1776 itinn
870 1716 905 1776 in
922 1715 1005 1777 libro
1033 1716 1115 1776 adeo
1128 1717 1282 1794 antiquo,
1300 1716 1351 1778 uti

136 1846 150 1882 r
173 1827 222 1884 est
242 1821 384 1899 Genesis,
400 1820 551 1900 invenire,
568 1830 644 1882 note
663 1821 748 1882 enim
760 1867 762 1871 -
775 1823 904 1883 aliunde
928 1831 1079 1899 nonest,
1104 1823 1231 1892 nisied
1263 1840 1354 1899 sum·

140 1946 267 1999 «mrem
289 1944 307 1989 c
330 1927 604 1995 dimidiosoeculo
630 1945 662 1989 n.
687 1928 734 1990 De
762 1929 901 2010 quodam
927 1930 1029 2001 dnbio
1053 1930 1137 1991 circu
1161 1931 1352 1997 anteriorem

134 2041 353 2120 negotiantium
378 2037 579 2100 existentiam
605 2038 746 2100 dicemus
770 2056 843 2102 cum
869 2039 910 2101 de
929 2034 1008 2103 ⁴ortu
1034 2040 1219 2103 animalium
1251 2056 1350 2118 agen«

134 2151 213 2213 dum
235 2149 304 2212 erit.
363 2216 367 2227 ,

174 2255 279 2320 Xllll.
296 2255 343 2316 lin
372 2253 625 2315 consideratione
648 2253 803 2315 fossilium
821 2254 912 2331 regni.
932 2256 1103 2333 vegetatis,
1129 2271 1215 2335 quse
1238 2257 1269 2317 in
1294 2273 1355 2320 aa⁴

132 2362 444 2447 tiquioribusstrttis
466 2361 690 2442 reperiuntur,
711 2362 936 2439 colligendum
959 2364 1105 2437 videtne,
1132 2373 1253 2426 terrem·
1275 2372 1352 2430 tune

133 2473 176 2532 eb
205 2472 294 2552 aquis
317 2471 460 2534 relictam
485 2470 644 2551 queedmr
659 2469 879 2534 tantummodo
898 2472 1017 2533 insoles
1031 2471 1226 2555 eliormassc,
1249 2490 1355 2555 quan«

132 2583 242 2662 doque
269 2584 301 2642 in
328 2580 574 2660 srcbipclognm·
597 2580 805 2656 coniunctes;
832 2581 1019 2662 temperiem
1032 2598 1108 2644 vero
1123 2585 1223 2661 magis
1251 2585 1354 2647 inisse

133 2693 290 2752 elevatum
310 2706 407 2770 quam
437 2689 469 2750 in
484 2688 695 2751 solidioribus
719 2695 823 2750 terroe
844 2683 990 2770 partibus
1014 2690 1113 2753 modo
1133 2691 1185 2768 sit,
1200 2699 1231 2769 et
1246 2693 1277 2754 in
1294 2710 1356 2754 va·
1445 2693 1454 2714 ‘

136 2802 191 2862 riis
206 2798 387 2877 regionibus
402 2797 503 2874 magis
518 2797 722 2877 uniformem,
749 2797 836 2877 quod
862 2797 1068 2859 unilormitss·
1084 2801 1291 2876 vegetationis
1319 2816 1354 2864 o·
1444 2777 1448 2785 ¹

136 2905 495 2972 circumtundebar
511 2912 588 2967 tunc
605 2905 716 2985 filices,
741 2905 953 2986 equisemoece
978 2914 1012 2966 et
1034 2905 1267 2986 lycopodiuccue
1298 2927 1355 2972 ar-

140 3018 268 3096 boreae,
285 3015 407 3096 ,quibus
430 3013 528 3076 modo
551 3012 602 3074 vin
617 3013 738 3093 eliquid
768 3011 885 3091 simile,
909 3013 941 3074 in
965 3012 1174 3081 solidioribus
1202 3023 1349 3079 tuntum«.

138 3126 242 3189 modo.
264 3125 388 3204 plagis,
405 3124 573 3204 reperitur.
596 3121 678 3184 llsee
694 3121 869 3197 vegetantis
884 3121 1061 3199 copiosiora
1072 3130 1148 3182 sunt
1174 3131 1352 3201 utquema-

139 3236 219 3314 iors,
243 3234 297 3297 ubi
312 3232 445 3294 eattuins
460 3232 605 3295 clodum
629 3230 724 3291 clima
737 3236 796 3290 est.
823 3227 869 3299 up
883 3234 990 3289 sutem
1015 3235 1158 3307 tempore
1174 3228 1263 3290 color
1288 3238 1355 3292 tens

138 3343 250 3404 restris
275 3340 457 3421 superficiei
480 3340 735 3418 eratpraecipue-
757 3336 798 3398 ab
824 3338 947 3398 interne
968 3335 1055 3414 globi
1083 3339 1237 3417 temperie
1261 3357 1356 3420 repet

141 3449 268 3527 tendus,
293 3457 326 3510 ct
355 3447 420 3509 lere
445 3445 549 3509 ssole
572 3445 814 3525 independens,
844 3445 988 3524 meoque
1013 3445 1142 3506 diurnos
1169 3444 1359 3509 variationes

136 3559 190 3622 nix
204 3558 337 3639 petiens.
354 3557 470 3619 Fontes
498 3553 670 3616 tlrcrmsles
682 3553 839 3633 calidique
873 3553 1003 3633 vaporis
1021 3552 1267 3632 exhalationes,
1285 3573 1363 3635 prm

136 3667 288 3731 bubilitcr
302 3664 545 3748 frequentiores,
563 3663 737 3743 inruperat
758 3661 895 3725 nebulae
918 3669 1104 3725 nocturnam
1134 3670 1236 3724 terrae
1258 3663 1357 3742 frige-

137 3780 311 3842 iscientem
335 3776 543 3854 sedictionem
555 3753 920 3854 temperare'debebanc
947 3773 982 3834 ln
1008 3773 1086 3850 uda,
1102 3771 1201 3847 calida
1222 3779 1256 3831 et
1282 3789 1357 3833 con·

135 3893 242 3950 stante
267 3882 419 3962 temperie
443 3884 564 3962 optime
590 3881 715 3943 evenire
739 3881 855 3960 plantis
879 3887 1078 3959 compertum
1108 3887 1165 3940 est.
1204 3898 1218 3934 «
1244 3878 1356 3940 Primis

137 4018 152 4053 a
177 3990 375 4072 temporibus
400 3995 473 4070 post
495 3989 698 4050 creationem
715 3988 838 4052 entium
875 3981 1127 4066 organicorum,
1154 3984 1249 4048 telius
1272 4000 1357 4066 quae
1440 3975 1444 3983 “

138 4126 154 4162 a
179 4119 244 4164 non
269 4100 358 4162 valde
383 4097 472 4159 elatis
495 4095 606 4159 insulis
636 4096 909 4172 constituebatur,
935 4091 1175 4174 cooperiebatur
1205 4094 1357 4154 immensa

172 4347 188 4395 1
211 4340 363 4409 cormorii.
377 4338 408 4395 de
421 4305 505 4398 ltlot'te
518 4371 549 4393 n.
564 4336 651 4409 tuto..
662 4351 692 4403 p.
711 4337 759 4392 ott.
