2970 5002
135 310 174 369 86

132 441 303 517 vitationis,
323 440 408 500 iuxta
432 436 630 516 hypothesim
654 437 699 500 dl.
716 435 857 499 llossotti
883 437 909 515 i,
931 437 986 516 qui
1007 435 1047 498 ab
1066 434 1257 500 attractione
1271 435 1343 500 inter

130 547 304 611 moleculas
325 544 544 624 ponderabiles
568 555 600 606 et
620 545 800 607 electricum
813 544 983 621 aetherem,
1004 542 1223 620 gravitationis
1245 545 1341 621 legem

132 653 335 735 repetendam
356 659 455 731 putat.
472 651 580 728 Igitur,
598 669 697 732 (perum
711 652 805 714 audio
816 651 969 729 Spiritum
983 652 1040 713 Dei
1052 658 1227 713 moventem
1247 668 1281 713 se
1298 668 1340 713 su·

128 781 189 844 per
209 781 316 844 equas,
334 782 390 825 scu
405 765 606 826 incubantem
624 778 718 841 super
733 777 840 840 aquas,
857 759 1076 824 confoventem
1098 769 1131 822 ct
1152 759 1341 823 foecundan-

134 882 198 932 tem
219 871 301 945 illas,
326 870 500 947 intelligere
515 886 645 948 possum
660 869 744 930 hunc
758 868 929 946 aetherem,
945 867 1053 947 utique
1074 882 1280 947 corporeum,
1295 868 1340 928 sed

131 981 283 1040 tenuitate
305 995 343 1039 ac
362 979 393 1038 vi
414 994 471 1039 sua
498 977 801 1057 praestantissimum
827 992 891 1056 quo
904 976 1007 1038 omniu
1021 992 1171 1055 corporeo
1187 977 1339 1038 continen-

135 1095 189 1148 tur
201 1095 230 1148 et
244 1095 418 1165 mouentur,
440 1088 495 1164 qui
516 1087 621 1146 statim
637 1085 824 1145 acreatione
837 1099 933 1161 supra
947 1083 1133 1144 immensam
1146 1083 1236 1143 illam
1251 1083 1337 1145 mole·

130 1198 275 1256 cularum
293 1195 471 1271 congeriem
486 1193 671 1255 movebatur
692 1208 824 1271 eamque
836 1191 1037 1271 pervadebat,
1056 1190 1114 1270 qui
1127 1190 1284 1252 incubans
1294 1208 1339 1252 su·

129 1320 190 1381 pra
211 1304 381 1365 cornmiata
401 1317 571 1379 corporum
586 1300 705 1361 semina
725 1299 850 1378 (aliquo
864 1299 959 1362 modo
973 1299 1013 1360 ad
1026 1297 1125 1359 instar
1136 1297 1280 1361 volucria
1292 1315 1338 1360 ocu

133 1409 237 1470 colore
258 1408 463 1487 devincentis),
486 1426 522 1469 ea
546 1407 731 1470 confovebat
759 1405 1022 1481 etfoecundabat,
1039 1405 1216 1485 disponens
1241 1405 1337 1486 prosi·

130 1533 183 1580 mc
205 1519 359 1580 elementa
379 1517 419 1578 ad
443 1515 677 1593 generationem
700 1514 882 1591 mixtorum,
904 1523 936 1573 ct
957 1521 1076 1577 remote
1096 1513 1137 1575 ad
1159 1514 1336 1592 vagetalium

131 1627 367 1704 generationem
386 1632 419 1686 et
439 1625 478 1685 ad
500 1625 595 1685 vitam
618 1622 800 1684 animalium
828 1623 986 1683 alendam.
1011 1622 1076 1684 llac
1097 1637 1204 1696 voces,
1224 1621 1337 1684 incubu-

136 1751 180 1807 re,
205 1732 378 1810 confovere,
401 1732 596 1810 lbecundurc,
625 1730 815 1810 utispiritali
830 1746 924 1790 sensu
939 1729 1059 1809 optime
1071 1729 1205 1808 Spiritui
1226 1729 1260 1792 S.
1275 1746 1336 1790 con-

68 1870 72 1875 ·
138 1842 291 1917 veniunt,
315 1841 358 1900 ita
378 1856 473 1899 sensu
496 1839 597 1915 magis
620 1838 745 1898 litterali
758 1846 790 1898 et
812 1839 939 1917 proprio
962 1836 1081 1898 aetheri
1100 1836 1149 1896 illi
1169 1845 1337 1914 congruunt

135 1949 189 2024 qui
207 1956 302 2019 certe,
324 1947 350 2006 si
372 1961 522 2024 umquam
537 1945 634 2022 aliud,
649 1945 762 2019 dignus
775 1954 842 2005 erat
864 1951 898 2007 ut
918 1945 1014 2006 divini
1035 1943 1164 2022 spiritus
1186 1945 1336 2006 vivifican·

132 2058 173 2113 tis
198 2051 297 2128 ligura
318 2058 349 2112 et
371 2062 463 2131 typus
499 2051 674 2112 exsisteret.
698 2051 803 2112 ludaei
841 2069 947 2114 revera
970 2063 1036 2114 tum
1059 2069 1159 2132 quum
1184 2052 1263 2114 haec
1285 2052 1339 2112 llo-

136 2160 178 2220 sis
201 2159 294 2220 verba
311 2159 499 2233 lectitabant,
517 2176 580 2220 non
594 2160 672 2219 satis
685 2160 891 2238 adaequatam
907 2160 1010 2221 ideam
1023 2161 1116 2221 huius
1131 2159 1272 2221 aetherei
1285 2157 1338 2236 spi·

133 2266 213 2326 ritus
236 2265 393 2326 habebant
413 2265 518 2326 animo
540 2273 735 2343 conceptam;
759 2276 911 2327 verumet
926 2268 986 2345 ipsi
1010 2267 1112 2327 radios
1135 2265 1338 2329 illuminantes
1380 2318 1382 2333 ,

134 2382 166 2433 et
187 2371 403 2432 calefacientes
426 2371 525 2432 oculis
548 2388 705 2450 sensuque
726 2372 930 2450 usurpabant:
948 2373 1089 2453 adeoque
1109 2381 1141 2431 et
1164 2373 1223 2450 ipsi
1248 2370 1338 2432 subti-

133 2482 198 2539 lem
221 2479 391 2557 quamdam
414 2478 634 2556 substantiam,
649 2496 747 2558 aquas
763 2480 832 2540 illas
859 2480 1032 2558 primitivas
1054 2489 1246 2558 moventem,
1265 2478 1337 2540 ealc-

134 2586 299 2647 facientem
322 2593 377 2645 aut
398 2586 650 2664 foecundantem,
672 2588 778 2666 aliquo
803 2589 897 2648 modo
919 2588 1090 2665 intelligere
1112 2596 1270 2667 poterant.

177 2695 239 2756 Nee
254 2695 315 2753 vila
329 2693 417 2754 vobis
430 2693 570 2754 videatur
584 2695 669 2772 quod
691 2694 928 2770 intelligentiam
941 2696 1107 2757 verborum
1124 2695 1178 2754 Dei
1202 2679 1260 2773 per
1272 2711 1337 2754 scn-

136 2801 243 2862 sibiles
264 2815 422 2862 creaturas
443 2817 643 2876 quaeramus.
657 2801 736 2862 Nam
750 2802 832 2864 sicut
852 2803 929 2863 dum
952 2803 1082 2864 doctum
1105 2802 1235 2881 aliquod
1261 2802 1338 2863 volu·

134 2908 208 2967 men
230 2907 432 2985 perlegimus,
450 2923 583 2968 nonnos
604 2926 622 2967 a
644 2908 874 2969 characteribus
888 2917 1062 2968 atramento
1084 2906 1249 2968 delineatis
1272 2924 1339 2967 eru-

136 3012 252 3085 dimur,
276 3013 331 3072 sed
353 3029 371 3072 a
393 3012 545 3094 scriptore
557 3014 612 3090 qui
626 3014 665 3074 ad
686 3030 761 3075 suos
782 3031 892 3074 sensus
914 3013 1145 3090 patefaciendus
1170 3013 1240 3074 illas
1255 3013 1337 3074 adhi-

136 3118 217 3194 buit,
233 3121 273 3179 ita
289 3119 365 3180 dum
388 3117 505 3199 aliquid
520 3141 537 3180 a
551 3137 665 3196 magno
690 3120 750 3182 hoc
773 3129 901 3184 naturae
922 3118 1004 3182 libio
1028 3120 1190 3193 discimus,
1213 3121 1255 3180 ab
1277 3122 1335 3180 eius

137 3234 266 3286 auctore
281 3226 430 3286 docemur
446 3225 521 3286 Deo.
534 3227 769 3304 sapientissime
784 3245 809 3288 s.
827 3227 961 3289 Thomas
973 3227 1097 3308 scripsit
1114 3226 1143 3283 3.
1158 3225 1277 3288 «Sicut
1291 3244 1339 3288 vo-

143 3350 158 3384 «
183 3347 234 3389 ces
257 3331 297 3417 ab
320 3330 447 3391 homine
468 3331 620 3391 formatae
637 3333 724 3408 signa
738 3341 811 3393 sunt
825 3334 1046 3395 intellectualis
1070 3334 1219 3397 scientiae
1234 3338 1336 3416 ipsius;

138 3457 159 3496 ι(
183 3436 224 3495 ita
245 3446 405 3498 creaturae
427 3438 523 3499 alteo
539 3441 681 3502 conditae
702 3449 778 3502 sunt
798 3444 885 3516 signa
906 3444 1076 3520 sapientiae
1095 3444 1174 3505 cius.
1198 3445 1340 3507 Uudedi-

140 3566 155 3600 u
176 3546 258 3605 citur
270 3545 364 3606 Eccli.
378 3546 406 3606 Ι,
422 3547 507 3624 quod
522 3547 604 3608 Deus
622 3548 731 3610 effudit
745 3552 929 3627 sapientiam
943 3569 1038 3628 super
1049 3552 1155 3613 omnia
1166 3568 1264 3630 opera
1279 3569 1339 3613 sua.

141 3674 156 3708 e
178 3653 266 3715 Sicut
287 3653 381 3728 igitur
402 3653 525 3728 dignius
547 3664 595 3715 est
616 3657 721 3717 doceri
741 3675 758 3716 a
781 3656 868 3735 Deo,
893 3631 1049 3736 quam‘ab
1076 3661 1214 3736 homine,
1239 3663 1282 3722 ita
1304 3661 1342 3722 di·

137 3784 155 3822 «
179 3765 270 3839 gnius
293 3772 341 3823 est
361 3762 502 3840 accipere
523 3763 686 3825 scientiam
709 3781 764 3843 per
787 3766 951 3828 sensibiles
973 3776 1153 3846 creaturas,
1175 3787 1274 3846 quam
1297 3786 1345 3848 per

142 3893 157 3926 u
182 3871 317 3933 hominis
340 3869 561 3933 doctrinam.»

68 4052 71 4062 ’
172 4037 187 4083 1
205 4039 326 4090 llossotti
338 4062 372 4076 -
385 4040 438 4089 Sur
455 4041 492 4091 les
509 4042 591 4106 forces
602 4043 649 4106 qur·
661 4042 792 4109 cepissent
804 4046 831 4097 lu
844 4043 1021 4097 constitution
1037 4044 1245 4098 interieuredes
1259 4060 1343 4112 corps.

136 4135 219 4186 t'urin
237 4133 314 4184 tato.
333 4131 418 4185 ldem.
431 4135 589 4190 Protustenc
621 4139 690 4192 lettc
713 4140 759 4192 all‘
772 4147 900 4207 apertura
918 4141 1051 4198 acteone
1074 4141 1103 4194 di
1128 4142 1185 4196 Fit.
1204 4149 1277 4200 mat.
1296 4141 1349 4196 ncl-

136 4229 156 4278 l’
172 4229 251 4280 Unio.
271 4228 299 4278 di
319 4229 384 4280 Piso
403 4229 482 4283 1847.
1298 4247 1302 4252 '

172 4322 190 4374 a
207 4326 254 4377 ιιι.
275 4326 303 4377 r.
318 4339 345 4389 q.
367 4324 410 4378 12.
424 4338 463 4377 er.
478 4325 503 4378 o.
518 4326 550 4380 aa
567 4329 594 4382 2.
