2970 5002
1163 344 1167 350 ’
1236 322 1294 384 173

103 454 199 516 oribus
220 453 405 516 animalium
428 453 632 515 eliornranrlls
655 452 893 532 praeordinatae
915 466 988 514 eum
1004 451 1064 516 alie
1077 450 1206 518 inanimi
1221 472 1288 518 nra·

103 563 170 639 nia,
195 564 247 625 oui
268 563 419 626 suecessit
439 562 565 641 divisio,
579 561 714 641 aperitio
734 567 763 621 et
775 566 890 640 portur
900 561 1191 642 primopenitornm,
1206 563 1285 626 dom

103 689 170 752 quae
191 678 223 734 el
246 680 349 734 terrae
371 671 620 750 aperiebantur,
643 677 675 731 et
697 668 909 748 primogenite
927 671 1086 732 variarum
1109 671 1290 751 specierum

103 782 159 858 agni
181 780 325 843 animalis
346 781 383 847 in
402 781 508 843 lucem
523 779 668 841 edebant.
686 777 771 841 Hane
787 777 952 857 periodum
965 778 1128 861 probabile
1149 786 1197 841 est
1214 798 1285 841 rna-

104 902 136 947 ne
154 868 377 964 catastrophe,
412 893 510 946 terras
532 886 653 965 aliquas
677 902 694 944 e
718 884 796 945 mari
818 884 958 946 elevante
980 892 1011 946 et
1032 885 1157 947 eoelum
1179 886 1287 948 obnu-

103 991 202 1074 ilnnte,
224 995 377 1072 coepisse,
401 971 560 1075 similique
580 1002 611 1055 et
633 1010 716 1065 vero,
729 993 840 1056 maiori
854 1002 1010 1056 terrarum
1025 994 1184 1074 marisque
1197 1011 1287 1057 eorn-

102 1099 212 1164 rotione
234 1101 331 1162 fuisse
355 1102 575 1179 terminatam,
598 1117 678 1182 qnae
701 1101 837 1182 plurima
862 1101 994 1162 viventia
1014 1102 1158 1181 extinxit,
1172 1108 1286 1174 ,terrae
1335 1140 1339 1147 -

103 1211 183 1272 elem
206 1209 363 1289 mutavit,
386 1216 418 1270 et
441 1209 558 1288 pariter
578 1213 702 1274 coelum
725 1211 828 1291 poluit
848 1227 906 1290 per
925 1210 1055 1290 aliquod
1080 1219 1206 1290 tempus
1227 1211 1286 1272 ob·

106 1320 245 1381 nebrare.
269 1317 358 1382 Nunc
379 1317 418 1379 ad
442 1319 615 1381 maximum
654 1329 754 1382 terrae
786 1329 912 1399 parturn
943 1319 1173 1399 inspiciendum
1196 1335 1286 1381 enoe-

102 1441 184 1489 rmns
198 1475 207 1506 ,
221 1442 285 1507 quo
311 1433 425 1487 lernam
449 1428 548 1506 ipsam
570 1428 725 1490 Creatorle
745 1428 929 1508 imperantis
942 1445 1013 1504 vox,
1030 1443 1093 1489 non
1109 1425 1205 1488 modo
1219 1443 1293 1506 per·

104 1539 240 1602 ctiorum
262 1537 428 1601 brutorum
450 1543 587 1615 oxortu,
611 1537 667 1599 sed
691 1544 722 1601 et
745 1535 948 1618 primogeniti
969 1535 1127 1600 humanae
1149 1534 1286 1597 familiae

102 1649 249 1711 raesenlia
273 1646 459 1712 nobilitavit.
