2970 5002
146 355 209 418 aba

147 502 209 556 rur.
233 491 413 555 Gennadius
433 478 639 556 'blassiliensis
658 505 684 554 1:
704 515 718 551 a
742 493 774 556 la
799 491 965 574 principio,
990 489 1103 574 inquit,
1136 491 1253 557 creauit
1272 490 1337 560 beas

149 623 169 662 u
192 602 315 663 coelum
347 608 378 661 et
401 610 516 662 terram
538 600 705 682 et·a'quam
732 619 770 663 ex
793 601 904 678 nibilo,
926 609 958 664 et
980 617 1061 664 cum·
1080 600 1185 664 adbuc
1214 603 1342 665 tenebrae

149 732 168 773 r<
192 708 291 787 ipsam
313 724 427 790 aquam
441 709 642 783 occultarent,
661 715 693 771 et
714 726 794 790 aqua
816 716 932 771 terram
954 709 1175 788 absconderet,
1191 709 1264 771 lacti
1285 717 1342 772 sunt

150 843 168 877 a
190 817 314 898 Angeli,
339 828 371 880 et
391 835 502 899 ornnes
517 818 669 880 coelestes
690 816 833 892 virtutes,
862 822 897 879 ut
912 833 976 881 non
997 823 1080 880 esset
1104 817 1270 880 otiosallei
1288 818 1338 881 bo·

154 951 169 987 a
191 927 363 1033 nitas,·sed
386 927 517 988 baberet
537 928 569 987 in
598 924 713 1005 quibus
744 943 802 1005 per
828 926 930 989 multa
965 932 1040 986 ante
1067 927 1169 1005 spatia
1190 923 1341 988 Bonilatcn

147 1054 273 1099 usuam
294 1035 473 1099 ostenderet
506 1056 538 1095 n.
562 1033 621 1096 Ubi
643 1033 722 1095 illud
752 1032 854 1096 malta
887 1036 993 1115 spatia
1017 1034 1186 1099 Suarius'2
1220 1035 1341 1115 inlelligit

147 1143 400 1222 stultescecnla.
422 1143 526 1207 Sensit
550 1159 625 1221 ergo
650 1142 830 1206 Gennadius
850 1145 899 1206 vel
922 1145 1020 1207 multa
1043 1147 1181 1227 saecula,
1204 1148 1252 1208 vel
1273 1155 1339 1210 certe

150 1253 283 1330 longum
309 1252 458 1332 temporis
481 1249 629 1330 spatium,
653 1250 735 1311 inter
755 1248 833 1312 coeli
855 1258 1018 1332 terraeque
1037 1253 1243 1336 creationem,
1260 1262 1289 1316 el
1304 1253 1338 1314 la·

154 1379 222 1422 rem
246 1361 306 1422 diei
331 1361 450 1440 primae
474 1359 699 1421 intercessisse.
735 1359 782 1422 Ex
805 1360 853 1422 bis
877 1361 1024 1424 omnibus
1059 1370 1199 1442 apparet,
1233 1362 1338 1424 Petrum

152 1470 310 1547 suffragiis
334 1471 553 1549 quaestionem
577 1483 640 1529 non
663 1483 755 1548 posse
779 1468 893 1530 dirimi.

194 1577 354 1641 lxxxiv.
371 1579 412 1640 At
432 1585 578 1659 potestne
592 1578 827 1641 exauctoritate
849 1595 1011 1642 sacrorum
1026 1580 1173 1642 codicum
1200 1587 1284 1642 certo
1303 1580 1341 1655 def
1377 1610 1380 1687 j

150 1688 250 1750 dniri‘l
263 1686 305 1749 Ea
320 1703 400 1767 quae
422 1692 557 1748 citantur
577 1703 595 1747 e
614 1685 785 1765 Scripturis
816 1703 875 1766 pro
897 1689 1007 1766 prima·
1029 1689 1184 1750 sententia
1219 1689 1340 1769 prolecta

151 1796 197 1857 nil
223 1796 346 1860 roboris
368 1793 495 1855 babeat.
520 1794 565 1854 [le
588 1792 657 1867 loco
680 1811 720 1855 ex
734 1793 791 1874 Ep.
807 1795 847 1857 ad
862 1795 922 1858 Tit.
936 1813 1038 1876 nuper
1051 1795 1168 1877 aliquid
1183 1795 1260 1858 dini.
1273 1794 1341 1868 Quod
1378 1852 1380 1867 ,

146 1907 261 1967 citatur
277 1921 315 1964 ex
331 1903 384 1966 lob
408 1904 417 1985 l
442 1904 596 1969 xxxvnl
618 1914 649 1967 et
668 1903 754 1984 XL.)
777 1910 826 1966 est
849 1904 947 1967 telum
972 1905 1100 1967 imbelle
1122 1905 1190 1966 sine
1219 1903 1343 1967 letali-
1378 1964 1380 1971 .

148 2015 215 2076 deri
239 2023 342 2075 tamen
365 2022 469 2093 potest
489 2015 618 2076 Suarius
641 2015 678 2077 dc
692 2014 818 2095 Angelis
834 2013 878 2076 ‚t
898 2017 921 2076 1.
944 2015 977 2077 C.
999 2013 1050 2090 ΙΙΙ,
1073 2015 1108 2094 §5
1127 2015 1179 2092 20,
1202 2016 1254 2094 21,
1275 2017 1318 2078 Ab.
1378 1974 1380 2019 ,

189 2125 251 2186 Sed
274 2141 374 2204 neque
390 2139 447 2202 pro
462 2124 598 2185 secunda
621 2125 718 2186 ullam
730 2123 823 2186 lidem
847 2123 975 2198 iaciunt,
991 2123 1037 2187 uli
1053 2126 1273 2188 demonstrant
1284 2126 1341 2187 Vas·

147 2233 241 2313 quius
256 2240 287 2293 ct
308 2231 464 2311 Petarius,
486 2249 568 2313 quac
588 2232 766 2294 afferuntur
788 2250 828 2293 ex
849 2232 925 2296 Luc.
948 2230 1000 2310 X,
1023 2232 1063 2295 18
1086 2233 1103 2313 (
1112 2230 1255 2300 videbam
1278 2243 1344 2298 salu·

148 2339 440 2424 acmqacsifulpur
464 2341 501 2404 de
514 2340 596 2404 cocle
617 2339 775 2404 cadentem
784 2342 801 2422 l
819 2350 850 2403 et
871 2359 910 2402 ex
931 2345 1030 2422 Apoa.
1055 2342 1121 2419 llll,
1144 2361 1210 2424 quo
1231 2345 1342 2407 blicba'e'·

150 2451 281 2511 liscum
306 2448 437 2511 [liubolo
460 2465 564 2529 pugna
587 2449 618 2510 in
640 2447 729 2511 coelo
752 2450 950 2512 describitur.
968 2450 1064 2512 lidem
1085 2458 1232 2513 auctores
1253 2460 1339 2514 osten·

150 2561 230 2620 dunt
253 2575 354 2639 neque
375 2557 452 2619 illud
473 2557 558 2620 Eccl.
582 2557 687 2621 XVlll:
709 2559 768 2632 Qui
789 2560 871 2622 vivit
901 2560 934 2622 in
947 2566 1108 2621 aeternnm
1122 2561 1245 2624 creavit
1259 2558 1343 2624 omnia

148 2668 245 2731 simunt
265 2670 340 2733 satis
362 2669 488 2732 firmum
499 2677 721 2748 argumentum
742 2669 953 2750 suppeditare.
970 2669 1060 2732 Hunc
1083 2669 1189 2732 locum
1210 2669 1283 2732 alibi
1296 2685 1339 2730 ar·

152 2780 245 2860 posui
269 2779 277 2858 l
301 2778 427 2857 §XXVI
441 2777 463 2858 Ι.
807 2788 810 2793 ’

192 2890 307 2951 Verum
329 2906 368 2949 ex
392 2887 459 2949 illo:
487 2887 559 2949 «ln
576 2887 729 2969 principio
753 2888 868 2950 creavit
893 2888 975 2950 Deus
999 2888 1123 2950 coelum
1145 2894 1177 2950 et
1202 2894 1310 2950 terram
1327 2904 1337 2940 r

156 2997 233 3060 satis
256 3014 306 3059 res
330 2996 455 3077 probari
473 2997 606 3058 videlur.
632 3016 650 3058 a
672 2995 805 3058 Litterae
841 3011 948 3058 sacrae
980 2996 1178 3075 maximeque
1210 3010 1342 3063 veraces,

154 3109 197 3169 ait
217 3108 412 3184 Augustinus
434 3105 462 3180 ³,
489 3106 530 3166 ita
543 3106 661 3167 dicunt:
687 3104 750 3167 «ln
775 3104 928 3185 principio
944 3102 1053 3166 iecisse
1067 3103 1168 3165 Deum
1184 3105 1303 3168 coelum
1319 3108 1343 3163 et

154 3239 172 3279 «
188 3225 301 3280 terram
316 3237 343 3294 n,
365 3223 400 3280 ul
412 3218 489 3279 nibil
504 3223 594 3278 antea
609 3214 719 3276 fecisse
733 3214 935 3291 intelligatur,
948 3213 1022 3292 quia
1037 3212 1096 3274 boc
1111 3213 1217 3293 potius
1228 3212 1259 3275 in
1274 3212 1344 3294 pria·

153 3327 237 3405 cipio
274 3326 385 3388 fecisse
422 3324 601 3403 diceretur,
627 3325 654 3385 si
675 3323 751 3402 quid
771 3320 895 3385 fecisset
923 3329 996 3382 ante
1022 3329 1125 3383 cetera
1147 3329 1260 3384 cuncta
1279 3333 1343 3399 quae

155 3432 239 3494 lecit.
273 3433 356 3511 Ergo
388 3432 470 3496 lleus
500 3449 559 3494 nec
590 3421 728 3509 Angelos
750 3431 865 3492 creavit
886 3438 958 3492 ante
988 3428 1196 3491 creationem.
1216 3429 1295 3492 coeli
1320 3431 1344 3487 et

155 3553 267 3621 terrac3
285 3562 357 3605 nam
379 3561 469 3607 secus
485 3543 610 3606 coelum
634 3550 665 3604 et
688 3549 805 3603 terram
835 3542 865 3602 in
889 3540 1043 3621 principio
1071 3556 1206 3619 operum
1231 3553 1345 3602 suorum

149 3662 182 3716 at
202 3663 277 3717 ante
298 3654 404 3717 omnia
432 3654 493 3714 alia
514 3670 611 3734 opera
632 3670 687 3715 sua
704 3669 767 3715 nan
789 3657 938 3714 creasset.
971 3650 1036 3713 Hoc
1054 3633 1290 3728 argumentum,
1309 3645 1348 3707 di·

150 3765 193 3826 eit
212 3765 352 3842 Saenius,
373 3782 442 3826 esse
462 3764 600 3826 memiana
611 3760 786 3844 probabile.

189 3873 377 3953 Praeterea,
413 3882 575 3936 eertumae
596 3880 655 3950 est,
678 3874 808 3935 omnino
830 3870 1082 3952 praetermissam
1107 3888 1126 3934 a
1149 3872 1239 3935 ldose
1267 3871 1353 3935 luisse

150 3977 345 4056 Angelorum
368 3981 586 4045 creationem?
607 3980 782 4043 Obiiciebat
803 3980 930 4062 quidem
952 3981 1013 4044 hoc
1036 3981 1115 4044 blasi
1128 3979 1270 4045 lulianus
1284 3981 1358 4060 Apa·

184 4230 198 4276 1
218 4227 255 4278 Da
274 4227 400 4293 Dogmat.
418 4228 616 4282 Ecclesimticie
633 4244 656 4282 c.
677 4233 719 4282 10.

185 4326 203 4376 'A
224 4329 259 4377 ba
277 4329 344 4391 Ang.
366 4328 394 4376 L.
416 4329 440 4376 l.
461 4328 489 4377 C.
509 4324 553 4380 ΙΙΙ.
573 4332 606 4380 Ν.
626 4328 652 4379 Ι.

114 4424 119 4432 ’
188 4422 204 4472 3
225 4423 263 4473 lla
285 4424 414 4480 (liubai.
442 4426 486 4489 xl,
504 4425 531 4480 b.
