2970 5002
135 449 249 526 torius,
273 444 348 510 lieet
366 443 505 527 quodum
530 444 567 506 in·
583 441 654 509 loeo
674 444 814 511 obiter.¹
846 444 1007 510 communi
1027 447 1201 519 sententiae
1227 449 1360 522 Theolo-

132 573 250 637 gomm
271 555 377 620 lurore
396 554 550 632 ridentum
576 561 682 628 tamon
702 555 780 618 dum
800 555 935 625 Tomum
948 553 989 616 lli
1007 554 1255 638 Tbeolopicorum
1279 561 1363 640 Dap·

133 646 255 732 notam
273 664 367 745 offert
396 668 616 746 consecratque
653 665 715 728 uso
735 663 925 746 Arpelorum
950 671 1023 727 nuto
1050 666 1154 730 onorio
1189 666 1358 747 Creatori,

141 775 321 841 contrariae
341 774 504 838 doetrinae
524 773 696 837 adhaerere
711 773 845 839 videtur.

175 883 239 946 Alii
259 866 410 958 sentiunt,
424 881 507 944 bano
528 879 707 947 doctrinam
727 881 854 945 defendi
869 899 934 946 non
947 899 1040 964 possa
1054 887 1128 962 post
1139 880 1237 944 conc.
1251 880 1357 946 Later.

136 993 217 1074 quin
238 993 270 1052 in
290 990 429 1071 aliquem
453 987 636 1054 temeritatis
657 998 765 1054 notam
787 991 975 1055 offendatur.
998 991 1053 1054 Ait
1071 991 1202 1056 suarius
1218 989 1259 1073 2,
1285 1014 1304 1058 «
1319 1009 1359 1071 ox

137 1093 157 1162 ir
181 1098 284 1161 verbis
304 1097 399 1161 Cone.
423 1115 488 1162 uon
509 1114 624 1179 porum
643 1097 841 1162 auctoritatis
860 1099 1032 1162 secessisse
1053 1097 1128 1161 buis
1151 1103 1353 1182 sententiaa,

143 1231 159 1267 n
182 1217 278 1289 etque
300 1208 380 1272 adeo
402 1224 467 1271 non
491 1222 599 1270 casoro
619 1209 796 1274 temeritate
815 1215 929 1270 contro
952 1208 1040 1270 iilam
1061 1225 1147 1270 nuno
1161 1209 1290 1272 sentire.
1306 1211 1355 1275 lta

140 1326 309 1382 «consent
329 1316 482 1391 Valentio,
503 1316 539 1379 T.
565 1318 597 1380 1.
618 1335 651 1400 q.
675 1316 742 1382 tiit.
765 1335 845 1398 pun.
868 1317 899 1380 2.
923 1322 956 1379 et
978 1316 1101 1380 Bnnnes
1128 1316 1213 1408 dioto
1235 1320 1359 1389 aretii

142 1449 159 1487 n
255 1442 357 1506 nequo
378 1441 436 1515 per
456 1424 518 1489 boe
537 1424 574 1488 tit
594 1426 706 1491 iniuria
726 1425 961 1508 antiquioribus
995 1423 1153 1505 Patribus,
1188 1426 1262 1507 quia
1284 1428 1349 1495 iilis

144 1537 376 1617 «temporibus
398 1552 448 1598 res
470 1542 537 1598 erat
558 1537 658 1615 magis
680 1544 891 1613 controversa,
907 1534 1076 1616 minusque
1095 1533 1267 1601 declarata.
1294 1539 1353 1604 eo·

141 1664 158 1702 r
180 1650 306 1724 testque
328 1652 548 1725 unotempora
570 1643 744 1725 propositio
765 1643 871 1726 aliqua
892 1660 958 1707 non
972 1657 1043 1706 esse
1061 1644 1239 1724 temerario,
1252 1651 1284 1706 et
1299 1662 1358 1726 po·

85 1733 88 1739 ’
137 1772 158 1811 n
181 1759 249 1815 stoa
270 1768 350 1829 essa,
374 1753 600 1816 interveniente
622 1752 780 1818 Eeoiasioo
800 1754 1010 1829 auctoritate·
1035 1760 1067 1814 ot
1090 1754 1253 1817 communi
1275 1770 1359 1819 oon·
1405 1799 1408 1808 r

136 1879 158 1923 r<
180 1859 352 1941 spiratione
375 1875 412 1923 ae
433 1877 589 1926 consensu
613 1879 643 1925 o.
668 1861 825 1926 Antonius
846 1863 1006 1927 Cossinius
1028 1862 1046 1917 ³
1068 1862 1357 1929 non'eudetdioo-

134 1986 173 2032 ro
194 1970 281 2032 iliam
301 1969 484 2050 opinionem
507 1987 576 2033 asse
588 1976 674 2034 certo
688 1972 901 2052 temerariam,
917 1956 1057 2038 sedeam
1071 1971 1292 2058 probabiliter
1309 1978 1359 2036 ts·

133 2076 308 2162 mererium
327 2077 413 2139 dioit.
438 2076 651 2158 «propositio
671 2079 846 2154 temerarie,
860 2080 915 2156 ait,
938 2083 1113 2159 generatim
1124 2090 1174 2145 ast
1185 2082 1249 2158 iila,
1266 2098 1351 2162 quae

99 2165 105 2177 ’
130 2208 153 2252 s
174 2187 244 2249 sins
265 2187 396 2251 rationis
419 2186 529 2266 regula
551 2186 733 2266 protertur;
768 2188 854 2270 quod
875 2190 1022 2253 convenit
1042 2192 1075 2254 in
1098 2207 1169 2254 eom
1191 2207 1321 2272 quoque
1334 2232 1346 2267 ‚·

135 2319 152 2356 «
175 2312 257 2377 quoa
277 2296 394 2359 dieitur
417 2297 587 2362 temerarie
608 2303 731 2360 tantum
752 2297 908 2378 sspotiue.
922 2299 1100 2380 Propositio
1115 2308 1224 2363 autem
1245 2307 1353 2363 tems-

133 2426 154 2468 «
175 2405 255 2469 ruris
277 2404 436 2488 positive,
458 2405 497 2466 de
518 2421 581 2485 qua
603 2404 788 2486 loquimur,
811 2415 861 2470 est
880 2406 935 2470 illa
954 2425 1037 2490 quae
1058 2409 1090 2471 in
1115 2425 1149 2471 re
1173 2407 1354 2487 theologica

133 2533 154 2576 «
176 2517 346 2596 opponitur
364 2517 528 2578 communi
550 2513 725 2579 Doctorum
750 2517 882 2597 sensui,
902 2520 973 2585 sine,
998 2518 1065 2583 uilo
1086 2519 1173 2597 gravi
1201 2526 1233 2581 et
1255 2527 1353 2581 antea

130 2644 150 2685 «
174 2640 238 2687 non
253 2625 462 2687 >detentores
483 2623 627 2706 impenso
650 2624 698 2687 vet
722 2627 854 2689 rationis
877 2628 927 2688 val
950 2627 1145 2690 auctoritatis
1169 2634 1351 2691 momento.

130 2750 150 2790 ι(
173 2731 290 2793 Omnes
310 2739 416 2794 autom
440 2733 522 2794 sarri
543 2733 729 2813 interpretss
742 2741 775 2795 et
789 2733 941 2797 Doctores
953 2741 1025 2815 post
1039 2735 1248 2800 buteranense
1261 2734 1351 2798 Gon-

128 2860 149 2901 «
173 2838 293 2915 cilium,
326 2842 473 2920 expensis
496 2841 644 2905 omnibus
666 2858 748 2921 quae
768 2843 801 2904 in
822 2850 989 2924 utramque
1011 2852 1146 2925 partem,
1170 2847 1256 2909 ineo
1270 2861 1356 2907 aon·

128 2969 148 3010 «
173 2950 331 3026 sentiunt,
356 2950 442 3030 quod
462 2952 577 3028 Angsti
597 2952 716 3014 conditi
744 2952 860 3015 tuerint
896 2952 978 3015 intro
1010 2969 1067 3017 sex
1099 2952 1196 3015 divini
1229 2952 1354 3034 opificii

132 3079 152 3120 ι(
176 3059 266 3138 dies3
305 3059 350 3122 iili
378 3061 473 3124 etiem
497 3061 552 3140 qui
575 3060 608 3124 id
629 3062 661 3124 in
684 3078 723 3123 eo
755 3061 889 3124 coneilio
919 3061 1087 3125 delinitum
1106 3060 1206 3126 luisse
1238 3077 1355 3142 perne-

112 3179 157 3228 ··o
181 3180 257 3247 gant
279 3180 342 3235 ste.
366 3193 395 3231 n.
1376 3170 1381 3175 '

172 3280 346 3346 Lxxxvtt.
372 3282 438 3362 ligo
468 3284 690 3348 tantummodo
716 3282 1022 3365 animadversionem
1047 3298 1144 3346 unam
1177 3280 1350 3358 adiiciam,

93 3432 95 3436 >
132 3408 237 3474 quae,
263 3393 296 3454 ni
317 3392 432 3470 failor,
457 3394 590 3459 alieuius
612 3401 661 3457 ast
682 3396 859 3474 momenti,
881 3400 1031 3475 olquam
1052 3401 1174 3457 veteres
1197 3392 1352 3472 useotoge

136 3502 275 3564 adiicere
297 3519 361 3567 non
384 3513 540 3584 poterant.
560 3505 642 3567 Fuso
664 3505 726 3567 iam
747 3504 958 3585 ostendimus,
972 3503 1050 3567 iliud
1073 3519 1143 3568 esss
1162 3521 1181 3566 a
1202 3501 1351 3567 Philoso-

131 3612 209 3690 phia
232 3612 422 3694 imperatum
442 3634 483 3694 ,r
504 3616 673 3695 theologia
696 3615 910 3695 permissum,
932 3621 968 3679 ut
988 3615 1120 3694 longum
1137 3611 1289 3694 temporis
1301 3611 1348 3674 in·

131 3720 302 3787 servatium
319 3724 401 3786 inter
414 3726 526 3788 mundi
555 3725 700 3806 corporei
721 3726 913 3790 creationem
928 3731 960 3787 at
983 3723 1226 3805 productionem
1250 3720 1354 3784 bomi-

132 3832 184 3892 nis
206 3831 455 3913 interponamus.
481 3835 565 3916 Ergo
587 3836 773 3917 parimodo
796 3835 902 3899 licebit
925 3836 1008 3896 inter
1029 3833 1222 3914 productum
1244 3829 1351 3895 bomi-

130 3953 205 4000 nem
227 3945 259 4001 et
280 3940 476 4018 Angelorum
501 3945 697 4009 creationem
728 3945 863 4023 longum
886 3943 1038 4026 temporis
1059 3938 1261 4005 intervalium
1290 3939 1356 4003 ool-

129 4043 246 4108 looore.
270 4048 412 4114 lamvero
435 4054 591 4117 sententis
613 4054 691 4116 haee
711 4054 751 4114 ab
772 4071 808 4114 ea
824 4052 863 4115 de
887 4069 949 4133 que
970 4051 1180 4132 loquebamur
1200 4031 1369 4128 antiquo?

162 4230 178 4275 1
198 4227 249 4281 cit.
269 4229 297 4282 in
316 4232 377 4280 noto
396 4224 432 4279 ed
449 4226 468 4291 5
486 4227 598 4278 LXXIV.

143 4325 179 4383 b
198 4326 228 4376 v.
247 4338 276 4375 n.
296 4323 341 4391 13,
359 4323 404 4379 rt.
423 4323 468 4377 ib.

161 4418 178 4468 3
198 4417 315 4486 Erepsi.
335 4417 366 4472 S.
378 4419 481 4488 Soript.
502 4418 773 4476 ursrt.v.rrrt.1.
836 4472 840 4481 ,
