2970 5002
129 352 187 415 18t

134 495 252 555 minem
266 484 493 550 elaborandum
516 477 729 550 incumbentis
742 477 882 541 studium
896 481 929 538 et
941 475 1105 540 industria.
1120 476 1247 555 Tamen,
1264 484 1294 542 ut
1305 498 1332 541 o-

135 589 663 673 mittamus·anthropomorphitas,
690 592 818 650 fuerunt
842 585 897 667 qui
922 587 1099 666 crederent,
1121 584 1222 649 Deum
1245 591 1332 650 nescio

134 725 229 788 quam
250 706 382 782 effigiem
399 701 541 783 corporis
565 697 739 779 sumpsisse
754 704 789 758 ut
809 697 970 760 hominem
994 712 1011 756 e
1032 695 1099 758 luto
1115 688 1258 774 lingeret,
1282 697 1331 759 imo

131 833 207 879 vero
222 823 255 876 ut
269 810 513 893 a'dspeclabilem
528 825 654 890 quoque
667 806 823 870 mundum
839 813 976 867 crearet:
993 821 1074 885 quae
1089 821 1139 890 ras
1153 804 1204 865 vel
1217 805 1328 866 nimiam
1364 806 1366 815 '

135 923 291 986 occrdentr
303 921 426 981 litterae
450 912 684 992 adhaesionem
694 915 743 976 vel
768 921 908 976 mentem
932 912 1115 994 phantasiae
1140 910 1330 992 mancipatam

134 1033 301 1094 ostendere
316 1028 392 1091 milri
407 1027 541 1090 videtur.

42 1132 45 1136 ’
125 1148 128 1153 “
176 1138 292 1201 LXXV.
309 1135 480 1201 Marcellum
495 1142 524 1197 et
536 1133 704 1214 foeturatum
718 1131 840 1196 creavit
854 1147 917 1194 eos
931 1129 978 1193 lla
991 1130 1235 1193 eodemvdic
1247 1127 1328 1190 l..atc

135 1247 174 1325 V,
189 1248 219 1306 2.
224 1246 288 1306 Nisi
302 1245 376 1304 alibi
391 1244 430 1306 de
444 1242 631 1309 formatione
644 1240 787 1305 mulieris
800 1245 959 1316 ageretur,
967 1243 1162 1318 putaremus
1179 1236 1327 1300 foeminam

138 1363 170 1414 et
185 1351 362 1414 masculum
374 1368 440 1412 uno
454 1349 630 1430 eodemque
644 1355 788 1428 tempore
812 1348 924 1411 lectos.
938 1346 1054 1409 Tamen
1068 1347 1246 1424 rem'longe
1257 1346 1328 1407 aliter
1364 1330 1366 1407 ἷ

138 1462 278 1522 evenisse
292 1459 348 1522 cll
362 1475 419 1520 nos
432 1457 643 1537 docetdtque
657 1457 708 1518 hic
722 1457 800 1518 mihi
816 1465 991 1537 temperare
1004 1472 1066 1520 non
1082 1453 1327 1536 possum,quinil·

137 1570 193 1630 lud
210 1568 311 1632 obiter
325 1567 496 1628 advertam:
513 1566 604 1628 Sinti
619 1584 647 1626 c.
661 1565 688 1627 ll
702 1564 849 1628 formatio
875 1569 1158 1646 proto-parentum
1172 1565 1276 1644 paullo
1288 1561 1324 1624 lu-

23 1744 26 1749 ,
115 1720 119 1727 ι
138 1680 205 1739 sius
217 1675 442 1757 exponitur,ita
454 1677 485 1737 in
497 1675 559 1738 alio
572 1663 673 1755 capite
685 1673 746 1737 alia
757 1675 884 1754 quaevis
896 1674 1001 1736 divina
1012 1672 1155 1754 operatio
1168 1673 1253 1735 exiis
1264 1689 1325 1754 quae

140 1803 167 1845 c.
184 1785 195 1846 l
210 1784 406 1863 indicantur,
435 1783 528 1846 latius
550 1783 798 1862 describeretur,
815 1790 869 1862 ut,
885 1791 972 1862 puta,
990 1782 1139 1846 formatio
1151 1782 1324 1862 plantarum,

107 1877 109 1882 ¹
137 1901 193 1957 aut
207 1892 393 1970 volatilium,
409 1899 464 1954 aut
486 1891 682 1953 terrestrium
707 1890 926 1971 animantium3
942 1883 1037 1972 duam
1051 1893 1151 1954 multa
1166 1909 1247 1972 quae
1260 1891 1294 1952 ita
1304 1907 1324 1952 c.

132 2002 157 2062 l.
172 2001 395 2063 describuntur
410 2007 444 2061 ut
459 1999 582 2075 eodem,
599 2005 654 2061 eut
680 2001 746 2060 ier'e
761 1999 873 2062 eodem
889 2005 1030 2080 tempore
1045 2000 1154 2062 effecta
1170 2000 1325 2075 uideantur,

138 2110 269 2197 diversis
284 2110 426 2188 omnino,
443 2113 479 2171 ac·
492 2108 585 2186 longe
597 2107 716 2172 dissitis
732 2109 930 2189 temporibus
942 2097 1097 2190 producta
1110 2125 1181 2172 esse
1193 2108 1366 2190 comperi·

59 2244 66 2253 ·
128 2198 263 2282 remusl

175 2330 342 2392 Hominem
361 2329 495 2423 legimus
511 2348 527 2391 a
545 2328 609 2392 Deo
625 2328 911 2409 crassamento,
928 2333 975 2410 ul,
991 2346 1039 2403 sur
1032 2328 1153 2406 veluti
1167 2329 1324 2394 vicariuset

134 2439 243 2518 imupo,
271 2438 484 2500 animantibus
510 2446 679 2518 praeesset:
697 2437 994 2518 proto-parentibus
1009 2441 1094 2502 enim
1109 2456 1175 2502 non
1188 2442 1280 2505 modo
1292 2438 1327 2501 di·
1364 2486 1366 2495 .

137 2548 218 2606 citur
230 2565 259 2606 v.
273 2547 313 2608 28
331 2567 345 2603 a
357 2546 494 2608 Crescite
509 2553 541 2606 et
556 2537 811 2625 multiplicamini
826 2553 859 2609 et
873 2547 992 2626 replete
1006 2553 1122 2609 terrarn
1136 2569 1165 2610 o.
1182 2549 1243 2612 Sed
1256 2546 1328 2610 addi·

136 2662 201 2715 tur:
223 2675 236 2712 a
249 2653 287 2715 m
301 2655 445 2717 subiicite
458 2671 540 2735 eam,
555 2661 587 2715 et
601 2654 808 2718 dominamini
835 2655 973 2736 piscibus
990 2656 1105 2733 maris,
1122 2665 1154 2719 et
1169 2657 1327 2730 volatilibus

140 2784 153 2817 e
170 2761 260 2839 coeli,
276 2771 306 2823 et
321 2762 475 2851 universis
502 2761 716 2824 animantibus
734 2779 816 2843 quae
829 2770 997 2827 moventur
1012 2750 1109 2843 super
1135 2762 1327 2828 terramala

134 2866 260 2943 signum
275 2867 492 2933 verodominii
502 2869 628 2949 huius&
638 2870 871 2952 XXXVlldatur
883 2869 1004 2932 homini
1016 2879 1051 2932 ut
1064 2869 1193 2934 nomina
1205 2876 1325 2934 animan-

129 2974 214 3036 tibus
230 2975 371 3054 imponat
389 2975 510 3057 1(11‚19,
522 2977 667 3056 20).th
679 2979 746 3042 resl
757 2980 834 3042 haec
844 2980 1010 3042 nominum
1024 2978 1186 3058 impositio
1197 2997 1270 3046 cum
1283 2978 1328 3040 lor·

131 3082 272 3173 motione
283 3083 423 3145 mulieris
436 3085 608 3164 quamdam
624 3087 807 3150 relationem
821 3086 1011 3150 habetldcce
1025 3087 1109 3149 enim
1122 3071 1281 3168 quomodo
1293 3102 1327 3147 re·

134 3207 206 3270 rum
223 3193 382 3255 successio
396 3210 422 3253 c.
439 3193 475 3254 ll.
493 3200 681 3272 exponetur.
698 3194 734 3255 V.
752 3197 801 3258 18.
822 3194 933 3256 allinit
947 3193 1099 3256 Dominus
1111 3193 1208 3259 Deus:
1225 3199 1329 3258 nonest

135 3319 152 3358 u
170 3299 289 3361 bonum
304 3317 373 3362 esse
388 3299 548 3362 hominem
566 3301 704 3384 (Adone)
722 3302 828 3364 solum
845 3302 927 3383 (oon
951 3291 999 3364 est
1015 3301 1228 3366 oenomaum
1245 3306 1273 3383 ἢ,
1288 3318 1330 3362 nra

133 3412 180 3466 est
197 3394 305 3467 bonum
319 3407 413 3468 scaeui
426 3408 537 3483 cirili,
564 3425 626 3470 non
642 3409 712 3472 dico
727 3409 846 3490 speciei
856 3412 1033 3487 humanae,
1057 3429 1131 3474 nam
1146 3415 1267 3492 speeies
1280 3412 1331 3473 sine

125 3511 232 3575 'altero
253 3530 330 3576 sexu
352 3514 438 3577 nulla
459 3523 518 3593 est,
541 3533 601 3579 oon
622 3523 678 3594 cst,
703 3519 759 3579 sed
778 3524 851 3598 post
871 3517 1035 3581 hominum
1050 3506 1259 3584 sufficientem
1272 3534 1331 3601 pro-

167 3727 183 3775 1
204 3729 298 3778 «llam
317 3732 344 3779 et
363 3726 528 3794 hominibus,
547 3731 646 3786 cithia
665 3733 880 3802 chrysostomus,
893 3733 1021 3787 usitatum
1039 3731 1108 3787 illud
1119 3715 1175 3796 est}
1189 3735 1240 3788 hoc
1259 3735 1294 3785 uti
1308 3732 1334 3784 si·

133 3839 147 3870 a
167 3837 218 3887 gno
237 3823 440 3888 dominationis,
456 3835 486 3880 ut
504 3842 564 3880 cum
584 3843 675 3885 seruos
692 3832 817 3896 emerint,
830 3843 922 3885 comm
934 3833 1042 3886 nomina
1053 3823 1258 3887 commutent.»
1275 3834 1336 3884 llam.

134 3917 167 3967 tt
186 3918 211 3967 in
231 3921 363 3972 Gom-Et
382 3922 467 3975 Philo:
489 3941 503 3974 «
516 3930 563 3978 Est
581 3934 669 3979 autem
687 3925 747 3979 doci
767 3934 795 3982 et
812 3927 927 3996 principi
956 3935 1182 3995 cousentaneum,
1212 3929 1339 3993 unicnique

134 4029 148 4060 a
167 4012 344 4070 subiectorum
362 4019 416 4073 sibl
434 4024 573 4092 proprium
591 4039 686 4077 nomen
705 4026 843 4094 assignare
858 4044 883 4078 n.
902 4027 942 4080 De
959 4025 1056 4078 mundi
1070 4019 1137 4096 opis.
1149 4029 1182 4078 m
1193 4005 1340 4082 mesecon-

133 4128 147 4157 «
168 4113 255 4178 Cepha
273 4113 344 4167 idem
362 4111 396 4171 de
413 4120 498 4175 serris
516 4123 667 4189 exemplum
685 4122 762 4177 affert
780 4126 810 4178 t.
829 4125 861 4178 de
881 4123 984 4177 Parad.
1004 4128 1033 4177 P.
1053 4128 1074 4177 1.
1093 4141 1119 4177 c.
1137 4122 1183 4177 28.

168 4207 185 4257 2
205 4212 296 4263 «Cum
315 4211 400 4266 adhuc
418 4214 494 4268 rudis
511 4218 628 4270 mundus
646 4226 672 4270 et
690 4208 775 4273 inanis
797 4230 848 4283 est,
879 4223 955 4289 eopia
972 4221 1161 4276 foecunditatis
1188 4228 1342 4288 generatum

131 4399 157 4449 b
132 4318 351 4374 «propagamur,
365 4312 510 4371 crescimus
528 4315 563 4370 ad
580 4315 690 4371 humani
708 4320 814 4386 generis
827 4309 1009 4389 augmentum.
1023 4338 1047 4381 a
1058 4321 1086 4414 5
1100 4323 1181 4393 Grpe
1198 4323 1232 4379 L
1246 4320 1344 4415 Dalio-

147 4408 188 4458 titt
207 4403 357 4471 l'irpittttm.
