2970 5002
1224 308 1259 373 11

46 455 152 517 medio
174 457 252 531 puto
266 418 492 523 difficultatem,
515 463 597 526 quae
618 447 705 510 ultro
726 461 796 507 sesa
817 446 919 523 effert,
943 461 1088 527 quaeque
1112 455 1256 514 nostrum

47 561 307 625 commentarium
321 556 474 620 turbaret.
1097 615 1100 622 ,
1247 604 1251 614 ,

55 742 59 753 ἡ
85 666 295 744 chronologia
308 665 446 738 messius
457 662 574 742 opponi
589 660 713 730 videtur
734 659 897 755 doctrinae
915 661 1129 727 recentiorum
1149 663 1257 741 geole-

42 793 158 853 gorum
171 775 279 839 multis
293 781 326 843 et
338 773 492 837 accuratis
501 769 772 837 observationibus
782 770 938 846 suffultam
949 787 1023 835 uam
1036 771 1186 850 temporis
1208 774 1257 833 iu-

44 884 225 964 tereapedo,
239 900 334 965 quem
355 883 438 948 inter
450 886 562 948 muudi
579 881 770 945 creationem
783 887 816 944 et
837 877 1001 944 conditum
1022 879 1256 942 hominem-isti

43 998 171 1066 penum
184 992 409 1070 longissimam,
426 991 519 1055 nimis
532 1011 549 1053 e
563 992 649 1061 Mosa
662 989 785 1055 videtur
796 988 948 1053 contrahi.

86 1101 308 1165 Animadverte
319 1101 350 1163 in
363 1101 485 1181 primis,
499 1099 657 1165 doctiores
672 1099 769 1162 modo
785 1097 939 1178 profiteri,
953 1113 1017 1159 non
1029 1095 1125 1158 aliam
1138 1111 1156 1160 a
1170 1094 1255 1156 llose

33 1219 152 1277 ,veram
163 1216 195 1269 et
205 1210 333 1288 proprie
347 1207 463 1271 dictum
473 1208 710 1286 chronologiam
724 1206 860 1286 proponi
872 1211 997 1285 praeter
1010 1221 1079 1265 earn
1092 1220 1172 1283 qnae
1186 1205 1254 1267 sole

46 1330 115 1375 non
130 1313 218 1392 parvi
228 1315 382 1377 momeuu‘
392 1322 450 1390 est,
467 1331 612 1398 quaeque
626 1315 666 1376 ad
680 1323 802 1376 terrum
817 1327 967 1391 supremo
993 1311 1056 1373 iam
1070 1326 1166 1391 opere
1180 1327 1254 1389 per-¹

42 1407 172 1499 factam,
186 1423 328 1504 adaeque
341 1423 383 1486 cd
401 1423 549 1487 hominos
562 1425 709 1504 pertinet;
733 1440 793 1486 nee
812 1429 992 1486 accuratam
1016 1421 1256 1498 chronologiam

42 1532 464 1613 belluarum,stirpium‚out
473 1534 631 1597 montium
642 1531 1094 1612 divinumsoriptoremteaera
1104 1528 1252 1590 voluisse.

85 1641 205 1712 Deinde
215 1641 440 1718 animadverto,
449 1639 609 1720 duplicem
621 1657 693 1702 esse
703 1639 785 1701 riam
796 1639 869 1702 huic
882 1646 914 1700 et
924 1637 1079 1700 similibus
1093 1628 1257 1700 diffieult'aa

44 1749 131 1810 tibus
144 1747 368 1811 satisfaciendi.
381 1747 484 1815 Prima
498 1756 582 1809 esset
596 1765 711 1826 negere
731 1748 920 1827 positionem
935 1746 1155 1824 gaologornm
1170 1761 1256 1806 eam*

41 1872 107 1934 que
120 1853 232 1928 falsam
244 1863 300 1917 aut
313 1857 424 1919 saltem
439 1873 551 1935 parum
567 1855 765 1934 probabilem
789 1855 969 1928 ostendere,
984 1869 1081 1933 qnam
1094 1852 1176 1912 viam
1193 1869 1257 1912 non

42 1965 140 2045 pauci
168 1965 315 2040 inierunt,
332 1965 387 2026 sed
399 1967 496 2040 exitu,
512 1973 548 2027 ut
562 1973 652 2044 puto,
668 1981 732 2027 non
747 1965 839 2025 valde
852 1962 945 2025 felici.
961 1961 1162 2023 Difficultates
1172 1961 1257 2022 enim

41 2071 254 2133 validissimae
272 2083 442 2135 occurrunt
454 2089 547 2152 quae,
563 2084 630 2135 noox
643 2074 674 2133 in
689 2071 856 2152 hypothesi
872 2071 977 2150 aliqua
992 2077 1046 2131 aut
1061 2074 1230 2148 systemate
1247 2093 1259 2143 ,2

42 2180 147 2242 sedin
170 2180 260 2241 lactis
280 2188 313 2242 et
337 2181 475 2258 copiosis.
487 2187 521 2241 et
533 2180 701 2256 diligenter
713 2180 885 2244 observatis
899 2179 1080 2242 fundantur.
1093 2178 1257 2239 Praeterea

40 2294 205 2368 oporteret
217 2290 316 2351 multa
329 2289 368 2350 de
383 2288 523 2368 prolenis
538 2287 677 2350 scientiis
690 2293 723 2348 et
735 2289 919 2367 praesertim
933 2287 972 2346 de
984 2286 1117 2347 historia
1128 2294 1261 2349 natura-2

39 2395 64 2454 li
80 2394 275 2471 l'heologum
292 2410 398 2473 nosse,
417 2400 584 2474 quantum,
599 2394 633 2455 in
647 2393 777 2457 homine
796 2393 865 2456 aliis
885 2392 998 2456 studiis
1012 2393 1150 2456 distento
1164 2392 1260 2452 addi-.

39 2493 160 2578 ctoqne
174 2500 323 2562 sanctiori
336 2501 519 2576 ministerio,
533 2499 584 2564 vix
596 2518 723 2581 sperare
737 2501 820 2564 lieet.
835 2502 901 2566 Nec
913 2503 1023 2582 siquis
1039 2520 1078 2563 ex
1093 2501 1256 2565 huiusmo⁴

41 2608 76 2671 di
92 2607 274 2671 hominihus
301 2607 382 2670 hauc
397 2615 537 2687 spartum
549 2610 766 2674 adornandam
780 2611 966 2691 susciperet,
990 2611 1152 2688 laeile‚'uti
1175 2609 1255 2670 arbi·

41 2722 122 2791 trel,
144 2715 287 2778 amultis
309 2717 486 2794 theologiae
502 2717 652 2783 studiosis
665 2718 905 2796 intelligeretur.
926 2719 1063 2780 Tandem
1077 2719 1154 2779 dum
1170 2714 1257 2779 labo·

40 2825 128 2886 rIose
142 2823 284 2885 refellere
299 2824 405 2889 studet
418 2823 595 2902 Theologus
610 2825 802 2889 ohiechones
816 2842 856 2886 ex
870 2825 1144 2888 observationibus
1171 2827 1253 2904 peti-

41 2941 103 3008 tas,
119 2948 193 2991 ecce
210 2947 364 2998 novaeex
383 2931 456 2994 aliis
469 2933 740 2998 observationibus
765 2932 958 2997 abiectiones
983 2940 1159 3010 exsurgunt
1184 2934 1258 3012 qulm

40 3037 115 3114 hus,
140 3055 239 3116 quum
252 3036 377 3115 ignotae
389 3047 504 3115 esseut,
522 3038 591 3119 ipse
614 3041 805 3120 respondere
831 3058 895 3105 non
908 3042 1023 3120 potuit,
1038 3042 1181 3120 adeoque
1205 3043 1256 3102 vix

40 3161 105 3205 nen
122 3144 416 3243 oleumetoperam
433 3147 632 3226 perdidisset.
664 3199 666 3202 ,
1152 3146 1156 3154 ’

80 3251 185 3315 Aliam
199 3253 303 3317 modo
327 3255 419 3317 video
434 3255 654 3335 prudentiores
668 3263 701 3318 et
721 3256 880 3320 doctiores
902 3255 1067 3334 theologos
1082 3263 1113 3318 et
1129 3255 1258 3334 religio-

45 3357 94 3418 nis
110 3357 291 3421 delensores
312 3360 391 3423 inire
404 3363 495 3440 viam,
522 3379 603 3443 quae
625 3369 657 3424 et
669 3362 866 3427 commodior
884 3372 933 3424 est
947 3370 979 3423 et
999 3362 1165 3426 emolesta
1179 3381 1255 3425 euru

47 3468 268 3544 perscrutandi
281 3478 463 3532 terrestrem
475 3472 638 3546 corticem,
652 3472 877 3550 etioquirendl
887 3474 920 3532 io
936 3471 1158 3534 formationem
1173 3473 1255 3552 lapi-

43 3574 121 3634 dum
143 3582 174 3634 et
194 3577 360 3655 montium,
384 3578 418 3638 in
431 3578 550 3641 fossilia
564 3595 737 3654 regnorum
749 3580 982 3658 organicorum,
996 3579 1028 3639 in
1047 3580 1206 3658 conchas,
1222 3581 1253 3642 io
1280 3638 1284 3643 .

43 3700 114 3744 ossa
130 3683 368 3773 deperditorum
381 3678 588 3762 animalium,
618 3696 652 3747 et
665 3687 771 3748 inulla
797 3703 896 3766 paene
920 3688 1085 3750 innumera
1106 3705 1186 3767 quse
1211 3688 1250 3748 ad

41 3791 187 3854 scientias
202 3795 361 3857 naturales
375 3797 544 3873 pertinent,
560 3795 743 3874 theologum
759 3795 1006 3859 liberat.llicuot
1019 3796 1064 3873 hi,
1080 3795 1175 3884 nullo
1185 3810 1252 3856 mo·

41 3900 81 3960 do
96 3900 329 3978 longitudinem
337 3920 575 3992 quamcumque
591 3907 741 3983 temporis
754 3905 947 3966 contrariam
962 3920 1031 3964 csse
1045 3902 1139 3964 lllosis
1156 3902 1251 3966 histos

41 4007 116 4084 riae;
150 4010 223 4070 enin
237 4009 288 4070 hie
302 4009 341 4070 de
356 4018 497 4088 tempere
512 4031 530 4072 a
545 4015 702 4074 erectione
716 4014 838 4075 coellet
854 4021 954 4072 terrae
968 4013 1122 4092 usquead
1143 4013 1256 4075 Adami
1326 3995 1330 4005 ’

38 4118 325 4183 creationem-nihil
342 4119 472 4183 ornnine
487 4119 626 4183 deliniat.
644 4121 689 4181 lta
705 4123 766 4196 isti,
784 4122 861 4200 quio
886 4121 1019 4185 ulterius
1044 4121 1251 4198 geologorum

38 4220 156 4301 placita
177 4231 214 4287 et
234 4225 391 4289 reuersum
416 4227 774 4303 momenta'exeutiant‚
801 4228 912 4306 longas
935 4227 1085 4307 temperis
1107 4227 1256 4305 periodos
1350 4285 1356 4293 .
