2970 5002
214 309 255 371 llll

217 448 302 510 minc
317 455 514 512 terrenorum
530 446 769 512 fossiliierorum
782 495 789 527 ‚
804 453 980 527 quaecerte
994 445 1162 511 factasunt
1176 453 1435 527 postereataen·

218 560 260 621 tia
277 560 403 637 organis
416 559 570 639 praedita,
582 564 614 619 et
628 566 796 638 postquam
812 559 888 618 liaeo
900 575 996 636 super
1012 565 1127 619 terram
1142 568 1174 618 et
1195 557 1227 618 in
1243 557 1340 639 aquis
1354 559 1436 621 mul·

218 668 353 747 tiplicari
376 674 557 749 coeperant.
574 667 659 738 Quae
682 672 807 728 terrena
822 665 1002 727 immediate
1024 667 1200 746 primitivis
1220 673 1437 746 superexten-

220 775 341 837 duntur
355 783 370 831 1
386 823 394 853 ,
417 791 510 854 saepe
522 775 612 837 valde
626 773 788 834 elevantur
802 773 841 833 ad
856 772 952 833 latera
967 775 1122 835 montium
1137 773 1396 852 primitivorum·
1408 778 1437 833 et

221 880 288 944 sola
306 883 401 942 etiam
415 888 540 943 montes
555 882 630 942 satis
644 895 776 959 magnos
787 880 959 960 aliquando
972 880 1182 942 constituunt.
1199 879 1287 952 Quae
1316 879 1370 941 his
1389 893 1437 940 re·

221 989 364 1051 centiora
379 989 526 1050 videntur
540 988 728 1069 plerumque
743 989 1032 1051 minuselevantur.
1049 987 1184 1050 Terrena
1198 987 1286 1048 enim
1300 1003 1437 1068 quorum

226 1102 324 1157 strata
336 1094 408 1157 aliis
425 1097 556 1156 terrenis
568 1098 767 1175 superposita
781 1102 856 1157 sunt
873 1096 963 1174 ,iure
978 1096 1041 1157 illis
1057 1095 1238 1166 recentiora
1248 1101 1435 1158 censentur.

225 1204 257 1266 Si
273 1204 325 1265 tell
331 1223 366 1266 us
382 1204 484 1266 nullas
496 1221 588 1284 passa
601 1212 684 1267 esset
694 1205 959 1282 perturbationem
987 1203 1189 1278 haecstrata,
1206 1202 1338 1282 quaein
1352 1205 1436 1285 aquis

221 1312 357 1376 formata
371 1332 404 1375 se
415 1313 567 1393 produnt,
580 1313 779 1374 concentrica
792 1321 898 1376 essent
927 1322 1022 1393 atque
1037 1312 1141 1375 adbuc
1157 1311 1248 1391 aquis
1271 1320 1433 1392 cooperta.

223 1421 322 1498 igitur
337 1439 465 1484 necesse
485 1429 553 1483 erat
568 1429 613 1496 ut,
628 1427 701 1482 ante
716 1422 906 1483 creationem
922 1439 1028 1486 rerum
1050 1439 1132 1501 quae
1144 1439 1239 1501 supra
1255 1429 1379 1484 terram
1393 1423 1436 1483 ri-

224 1538 310 1604 vunt,
328 1545 400 1607 pars
415 1529 574 1592 terrestris
588 1529 713 1594 corticis
727 1548 822 1608 supra
836 1547 933 1610 aquas
949 1529 1136 1608 elevaretur,
1151 1535 1184 1592 et
1196 1540 1372 1610 appareret
1385 1528 1439 1593 ari·

224 1637 276 1698 da.
293 1636 325 1698 ld
342 1637 656 1712 evenisse‚montlum
670 1637 836 1716 dispositio
846 1645 877 1698 et
889 1637 1052 1700 inclinatio
1068 1644 1237 1701 stratorum
1252 1640 1437 1701 ostendunt.

223 1744 326 1806 Strata
338 1761 400 1806 non
412 1761 537 1822 semper
551 1742 769 1806 concordantia
781 1751 798 1803 2
811 1761 866 1804 seu
878 1743 1025 1823 parallelo
1040 1751 1126 1818 sunt,
1141 1746 1194 1806 sed
1212 1754 1310 1822 saepe
1325 1745 1440 1809 discor·

227 1851 339 1915 dantia
356 1865 384 1926 a,
400 1852 485 1931 quod
500 1859 567 1918 tum
581 1850 615 1912 lit
629 1851 761 1930 quando
777 1859 894 1916 certam
915 1853 1086 1932 quamdam
1102 1854 1314 1916 directionem
1330 1854 1380 1916 vel
1394 1856 1441 1917 in-

227 1960 429 2022 clinationem
443 1959 717 2021 strataostentlunt
727 1959 861 2021 alicuius
871 1963 997 2036 terreni;
1006 1961 1085 2025 alab
1095 1960 1326 2022 illisdiversam
1337 1979 1444 2042 super·

227 2066 327 2144 posita
337 2073 433 2127 strata
444 2067 471 2128 4.
484 2067 561 2130 Cum
575 2074 671 2130 strata
687 2084 727 2128 ex
741 2067 916 2137 sedimento
932 2069 1027 2129 maris
1041 2071 1145 2145 genita
1162 2074 1248 2129 certo
1260 2068 1277 2119 tt
1290 2073 1443 2149 perspici-

227 2191 299 2237 mus
313 2190 376 2235 non
390 2191 500 2272 parum
515 2174 673 2250 inclinata,
691 2173 943 2237 concludendum
956 2180 1015 2252 est,
1033 2175 1087 2236 illa
1100 2173 1284 2254 perturbata
1297 2177 1342 2237 ab
1355 2178 1444 2255 origi·

227 2282 315 2345 naria
329 2284 487 2362 positione
499 2282 690 2344 siveelevata
702 2281 814 2344 luisse.
826 2281 857 2344 Si
866 2282 1049 2362 suprahaec
1060 2282 1099 2346 ad
1113 2281 1310 2344 horizontem
1320 2284 1444 2346 inclina·

228 2398 260 2452 ta
272 2392 390 2466 latera,
415 2392 567 2472 adparent
589 2393 650 2453 alia
665 2400 763 2454 strata
777 2391 904 2453 marina
919 2390 1152 2454 horizontaliat
1166 2441 1173 2470 ,
1188 2392 1443 2456 concludendum

229 2497 472 2571 cathecumenis
485 2498 846 2584 sedimentaposteriora
858 2497 954 2559 luisse
965 2498 1160 2578 inclinationi
1171 2500 1445 2577 etperturbationi

228 2602 419 2667 subiacentis
431 2606 545 2688 terreni
556 2605 585 2680 7;
601 2611 695 2685 atque
711 2613 777 2666 turn
793 2606 865 2666 ante
880 2613 948 2666 tum
963 2611 1036 2683 post
1060 2604 1335 2683 perturbationem
1349 2607 1456 2689 illam,-

232 2727 320 2773 mare
334 2712 409 2772 satis
422 2713 626 2792 tranquillum
637 2713 678 2773 ibi
691 2714 856 2774 materiam
871 2719 1041 2772 stratorum
1051 2712 1445 2795 deposuissemequemes

234 2833 304 2878 sese
315 2818 450 2880 offerunt
462 2820 748 2882 haediscordantcs
766 2828 938 2882 stratorum
953 2819 1174 2898 dispositiones
1184 2821 1214 2880 in
1225 2822 1390 2886 montium
1404 2824 1446 2884 la·

233 2927 372 3006 teribus3
389 2927 449 2991 hoc
458 2935 506 2992 est
517 2931 550 2992 in
563 2937 671 2991 monte
682 2929 730 2990 vel
744 2930 776 2990 in
788 2929 945 2991 montium
958 2930 1039 2990 serie
1049 2928 1171 2990 diversa
1184 2939 1280 2990 strata
1293 2947 1362 2994 non
1377 2950 1446 2994 con·

268 3154 284 3203 1
302 3158 370 3207 llaec
387 3165 402 3203 a
421 3149 515 3202 multis
531 3154 638 3201 terreno
654 3146 826 3199 transitionis
843 3151 933 3198 vocata
952 3149 1035 3206 sunt,
1064 3143 1129 3210 quir
1146 3152 1352 3212 repraesentant
1370 3146 1447 3202 reluti
1481 3173 1483 3189 ,

235 3251 382 3300 transitum
399 3261 414 3299 a
432 3245 545 3299 terrenis
562 3245 619 3297 siue
637 3243 778 3296 fossilibus
796 3241 830 3293 ad
847 3235 1011 3308 [ossilisera.

268 3341 287 3390 2
303 3344 335 3392 v.
352 3337 418 3391 Teb.
438 3343 460 3392 l.

269 3435 286 3485 3
303 3437 335 3486 V.
353 3435 418 3488 Tab.
437 3441 470 3488 ll.

269 3535 333 3586 ilo
351 3531 395 3600 fig.
415 3533 443 3585 1.
460 3539 486 3585 ct
503 3531 529 3582 2.
549 3530 616 3587 Tab.
635 3535 667 3584 ll.
688 3539 769 3586 strata
786 3535 820 3586 A.
837 3531 965 3586 inclinata
981 3537 1044 3585 sunt
1060 3531 1141 3584 relate
1158 3528 1193 3585 ad
1212 3532 1341 3582 strataB.
1356 3531 1449 3598 etipsa

233 3632 371 3684 inclinata.

269 3727 287 3778 o
306 3733 346 3780 lta
365 3726 436 3790 dico,
453 3727 517 3795 quia
534 3727 623 3780 minus
642 3727 741 3794 experti
760 3727 837 3781 facile
855 3743 943 3781 errare
961 3733 1073 3793 possunt
1090 3726 1117 3777 in
1134 3725 1178 3777 his
1195 3722 1394 3777 discernendis.
1415 3726 1449 3777 lta

233 3825 264 3874 in
282 3823 326 3889 fig.
341 3823 368 3875 li.
380 3825 445 3878 Tali.
457 3829 490 3876 ll.
508 3823 560 3876 etsi
578 3823 715 3878 videamus
733 3823 760 3875 in
777 3833 860 3874 strato
871 3843 896 3886 a
908 3824 1050 3877 divisiones
1068 3822 1102 3875 ad
1118 3822 1280 3874 horizontem
1297 3820 1450 3883 inclinatas,

236 3931 290 3970 non
307 3916 433 3971 debemus
450 3917 606 3973 concludere
617 3934 642 3977 a
655 3919 808 3972 discordare
825 3935 840 3971 a
860 3928 943 3971 strato
959 3923 995 3981 1),
1014 3897 1136 3971 nam'illa
1149 3925 1280 3970 structura
1298 3924 1390 3981 potest
1404 3930 1451 3971 uon

237 4025 252 4064 a
270 4015 483 4084 eradicatione,
502 4015 550 4067 sed
568 4030 583 4067 a
601 4016 727 4084 peculiari
745 4016 834 4082 aliqua
851 4016 1049 4069 circumstantia
1067 4015 1199 4081 originem
1216 4012 1322 4065 ducere.

247 4125 249 4128 ·
271 4114 290 4164 6
308 4117 373 4170 Teb·
392 4117 439 4169 lll.
459 4113 506 4180 lig.
526 4118 551 4166 1.

271 4215 290 4263 ’t
309 4211 383 4264 idem
402 4211 544 4265 dicendum
571 4211 603 4264 de
621 4226 684 4264 casu
704 4212 749 4279 ing.
769 4210 787 4260 i
804 4211 871 4265 Tab.
891 4218 935 4278 tl,
955 4213 1018 4269 licet
1045 4220 1178 4265 terrenum
1197 4205 1370 4274 suppositum
1390 4207 1456 4261 hori·

237 4308 340 4363 zoutalc
358 4310 403 4364 sit.
