2970 5002
1236 284 1276 346 5⁷

10 475 32 523 ,1,
61 427 72 514 l
85 428 205 513 qulbus
218 427 404 510 interpretes
415 427 464 492 usi
479 425 573 506 sunt]
588 438 651 489 non
663 423 759 488 modo
773 416 806 486 in
819 421 990 503 scripturis
1004 426 1113 504 sceris,
1127 426 1226 492 sedet
1239 430 1273 492 in

11 567 23 627 :i
65 539 218 620 profanis3
231 555 330 619 quare
352 535 541 616 Theophilus
555 533 771 597 Antiochenus
791 532 832 594 ds
852 532 963 612 primis
977 533 1080 596 verbis
1095 535 1173 598 Gen.
1190 536 1271 599 scri-

10 675 22 736 p
65 648 139 729 psit:
162 649 199 710 Ia
206 648 401 728 principio...
418 645 437 708 i.
453 663 495 720 e,
508 642 765 726 perpriscipiom
782 641 811 704 1.
825 639 856 702 Si
869 648 975 703 antem
987 642 1093 705 omnia
1104 643 1278 724 peripsum

11 779 19 842 p
59 753 77 835 ·(
95 753 234 817 Verbum
248 752 257 834 l
273 761 302 817 et
317 755 350 816 ia
361 753 429 834 ipso
439 759 548 815 creata
567 755 654 830 suat,
668 749 693 811 si
706 748 812 827 ipsum
826 753 875 808 est
884 746 1079 828 principium
1098 748 1278 848 creationis!

10 909 19 954 ,1
67 877 147 923 num
167 860 199 922 id
226 861 259 923 in
273 859 403 934 historia
426 856 594 920 creationis
609 863 677 918 emt
691 852 876 916 tacendum?
888 854 921 916 si
934 852 989 915 alii
1011 852 1180 918 bibliorum
1199 857 1280 920 scria

10 1010 18 1080 μ
60 958 195 1049 ptores,'
208 969 262 1032 ubi
276 969 471 1032 creationem
485 969 787 1037 commemorarunt,
802 961 942 1027 Verbum
969 961 1024 1024 liei
1040 981 1106 1029 non
1130 963 1279 1042 omisere,

10 1126 17 1168 Ι
57 1077 202 1138 -nonelus
216 1075 398 1138 meminisse
412 1071 521 1135 debuit
535 1071 636 1133 lloses
649 1070 877 1149 cosmogonlae
886 1069 1071 1135 historicus?
1077 1071 1278 1152 Praesertim,

11 1224 15 1276 ¹
65 1190 202 1247 testante
214 1184 284 1263 ipso
298 1183 435 1260 Christo,
449 1181 495 1242 lle
508 1195 556 1242 mc
570 1179 651 1243 enim
662 1177 718 1241 ille
732 1174 874 1259 (lloses)
888 1178 1043 1260 scripsit(
1054 1178 1140 1242 loon.
1151 1179 1188 1257 v,
1202 1180 1244 1245 lu
1258 1179 1281 1263 l;

10 1341 13 1386 Ι
53 1288 152 1368 ·quod
167 1297 271 1350 tamen
286 1284 414 1350 effatum
425 1286 465 1350 ad
479 1285 686 1366 primavcrba
699 1285 856 1349 Gonossos
868 1302 932 1349 non
943 1286 1121 1350 necessario
1134 1285 1281 1352 rolertur.

10 1440 12 1473 j
51 1396 232 1459 ⁷Praeterea
245 1397 339 1459 docet
351 1394 464 1472 blosss,
479 1393 546 1458 lleo
559 1393 681 1458 dicente
692 1409 749 1457 ssu
761 1394 831 1458 sius
849 1392 956 1472 Verbo,
971 1401 1075 1458 cetera
1089 1410 1186 1476 opera
1201 1393 1283 1459 lacta

10 1478 12 1491 '
61 1503 178 1583 tuisse,
193 1503 309 1583 quibus
322 1504 516 1572 materiama
530 1519 565 1567 se
574 1508 713 1566 creatam
726 1501 759 1566 in
771 1503 872 1566 varias
885 1518 991 1567 rerum
1003 1503 1121 1567 lormas
1132 1504 1276 1582 digessit:

59 1609 88 1689 ·(
95 1610 193 1673 Patre
205 1610 356 1692 loquente,
373 1608 493 1674 dicitur
510 1609 643 1674 Verbum
663 1608 744 1690 quod
757 1607 858 1674 Filius
872 1616 931 1686 est,
946 1609 991 1671 ait
1002 1609 1200 1688 Augustinus
1216 1609 1275 1690 ²l²

57 1716 229 1797 ‘probabile
241 1719 338 1797 igitur
352 1717 486 1799 ridetur,
496 1717 642 1783 docuisse
657 1718 761 1798 illum,
775 1717 872 1783 etiam
887 1716 1099 1799 perverbum
1112 1718 1279 1784 materiam

53 1824 331 1889 iuissscrsalem.
651 1896 653 1899 ,

113 1932 251 1997 Verbum
267 1933 301 1997 ia
322 1933 483 2017 principio
503 1937 543 2001 de
555 1935 636 2001 Filio
648 1935 705 2000 Ilei
718 1935 839 2000 dictum
853 1953 924 2000 esse
943 1937 1137 2013 docuerunt,
1154 1941 1278 2016 praeter

55 2039 232 2119 ¹Origenem
248 2040 291 2122 ³,
312 2040 507 2124 Theophilus
526 2043 742 2107 antiochenus
758 2045 794 2121 l,
817 2043 963 2107 Clemens
982 2043 1154 2107 Alexandr.
1173 2045 1202 2125 1,
1217 2044 1281 2110 lde·

66 2147 133 2212 rius
147 2148 328 2213 Victorinus
340 2150 416 2214 Afer
432 2151 460 2229 ⁶,
477 2152 629 2230 Euagrius
648 2137 810 2213 ⁷Basilius
828 2152 858 2228 8,
882 2150 1080 2228 Augustinus
1097 2155 1126 2227 ⁹,
1138 2151 1277 2216 Ambro—
1385 2211 1396 2225 ,

55 2257 332 2335 ·sius1⁰,nocnon
349 2254 435 2320 Beda
448 2301 457 2337 ‚
469 2255 643 2325 Eucherius
657 2257 766 2332 etalii,
788 2256 906 2336 quibus
926 2273 986 2321 nec
996 2257 1207 2322 Tertullianus
1220 2275 1280 2321 nee
1359 2324 1361 2330 ,
1462 2251 1465 2261 ’

68 2352 204 2428 Hilarius
215 2369 404 2443 repugnant,
419 2363 486 2431 imo
500 2382 560 2429 nec
573 2365 781 2446 Hieronymus
804 2363 861 2447 qui
880 2365 913 2428 in
926 2364 1013 2429 hunc
1038 2381 1171 2433 sensum
1185 2365 1283 2428 rerba

62 2469 234 2554 illaaccipi
246 2486 344 2554 posse
355 2473 560 2540 concedit-11.
611 2509 614 2514 ·

48 2612 51 2618 ·
104 2581 162 2644 Tot
184 2577 344 2662 tenusque
364 2582 532 2664 praesidiis
545 2584 874 2649 musitassentontiae
889 2582 1147 2665 probabilitatem
1161 2599 1278 2662 negare

58 2708 126 2755 non
141 2691 245 2755 audeo
257 2691 303 2754 ¹².
319 2689 437 2758 Verum
451 2692 554 2774 prima
569 2695 622 2758 illa
635 2697 737 2774 magis
749 2695 842 2760 obvia
866 2695 1031 2775 magisque
1042 2693 1224 2758 communis
1235 2709 1279 2755 o-

56 2802 170 2868 mnino
187 2804 350 2871 retinenda
362 2811 422 2866 est.
436 2803 554 2866 Sensus
568 2820 641 2866 vere
653 2803 785 2867 literalis
798 2803 885 2867 illius
897 2803 931 2867 ia
948 2802 1108 2883 principio
1122 2801 1176 2864 bic
1196 2801 1277 2864 mibi

59 2931 129 2978 csse
151 2914 276 2980 videtur
305 2929 402 2996 quom
425 2910 571 2994 ct'lacile
584 2912 717 2976 llobraei
741 2912 975 2992 intelligebant,
989 2919 1022 2976 st
1038 2919 1106 2974 tum
1120 2911 1278 2974 mundum

59 3031 224 3088 aeternum
248 3031 317 3089 tum
331 3023 523 3089 creationem
546 3022 718 3087 visibilium
731 3041 750 3087 a
763 3022 933 3105 Spiritibus
957 3022 1071 3087 creatis
1087 3020 1203 3084 iesum
1217 3036 1278 3083 ex-

55 3131 161 3194 cludit
171 3147 278 3213 aesape
293 3130 326 3195 ia
332 3131 490 3212 principio
504 3130 664 3211 temporis,
675 3147 732 3195 seu
742 3139 816 3195 eale
826 3102 938 3194 omnic.
952 3130 1017 3195 Nec
1030 3129 1122 3195 video
1135 3145 1273 3210 quomo·

59 3239 112 3318 do,
125 3240 218 3304 obvie
232 3239 292 3304 hac
304 3239 512 3323 explicatione
520 3239 719 3322 posthabita,
730 3241 771 3304 ad
785 3240 918 3309 arduom
938 3237 1034 3304 divini
1048 3234 1144 3315 Verbi
1156 3233 1271 3314 cogni·

50 3388 53 3394 ’
90 3375 366 3446 ·1AdAutolgo.1.·
385 3376 529 3445 ingla.
808 3450 811 3455 Α
951 3429 953 3432 ,

92 3471 474 3539 absumebant.
496 3472 915 3544 deusut.xll,1b‚2⁰‚28.
979 3527 981 3530 .

93 3573 208 3626 bliem-
226 3573 252 3626 1.
271 3572 384 3627 iudea.
402 3570 467 3640 81.
1042 3581 1046 3589 ’

93 3655 694 3750 insunuans.sa.c.1as1'o.

94 3767 227 3823 bStrom.
246 3766 428 3835 nullst.

74 3854 170 3920 ‘olba
186 3867 307 3932 generet.
326 3863 383 3918 dio.
404 3861 478 3920 Verbi
497 3865 558 3941 1237.

91 3961 111 4016 'i
131 3960 250 4015 consult.
269 3959 401 4015 zoccboei
420 3959 567 4020 ebriat...··
585 3963 611 4019 ll
628 3976 652 4018 o.
671 3962 699 4018 ³.

90 4061 110 4112 8
128 4059 208 4113 Locis
224 4061 270 4115 cit.
288 4067 315 4114 ot
332 4059 370 4113 el.

92 4155 210 4209 bidom.
227 4158 250 4209 l.

88 4255 266 4308 tollentem.
286 4257 317 4307 L.
338 4255 362 4307 l.
381 4269 407 4309 c.
422 4258 468 4311 lx.

93 4350 127 4400 11
148 4353 259 4415 Quaeri.
277 4350 309 4400 iu
328 4351 397 4405 Gau.
416 4354 438 4418 l,
459 4357 484 4407 1.

93 4444 128 4497 12
145 4445 250 4502 Patritii
267 4446 287 4503 l.
305 4463 329 4503 u.
348 4451 379 4513 Q.
398 4450 434 4505 11.
