2970 5002
1244 217 1282 283 tt

10 418 19 465 1
57 360 220 423 diuturnas
234 358 267 419 in
282 356 336 417 illa
352 352 503 435 temporis
518 353 750 433 intercapedine
765 371 959 434 supponere,
980 359 1014 415 ct
1028 355 1156 417 saecula
1178 355 1218 417 ad
1232 353 1274 416 li-

10 530 19 573 Ι
59 468 163 537 bitum
176 463 398 545 multiplicare,
429 463 505 544 quin
519 461 638 544 aliquid
652 479 691 524 cx
705 463 765 526 hoc
782 464 963 526 detrimenti
976 463 1079 526 diviua
1095 466 1197 555 capiat
1211 465 1276 528 Re-

10 630 13 651 ,
60 573 135 651 ligio
151 573 174 634 ¹.
203 631 205 634 ,

10 749 14 771 ,
88 682 138 746 vl.
151 680 297 746 secunda
306 698 345 743 ex
353 678 578 761 hypothesibus
589 696 667 760 quas
681 678 718 740 ad
727 680 871 742 Genesim
880 697 950 740 cum
959 679 1279 757 geologiaconcilian-

55 792 128 854 dam
142 793 334 869 excogitatas
346 790 495 867 indicavi,
512 791 677 852 diuturnas
692 789 836 868 periodos
851 789 1029 865 geologicas
1054 794 1127 866 post
1138 805 1193 849 serr
1207 804 1277 852 mo·

55 899 158 962 saieos
174 897 240 960 dies
254 898 453 962 collocandas
469 905 569 976 putat:
586 898 773 978 quamviam
786 897 908 976 aperuit
923 913 948 957 s.
966 895 1172 972 Augustinus.
1198 895 1278 958 Cum

55 1025 81 1073 s.
97 1009 213 1070 Doctor
234 1008 358 1070 dierum
372 1007 500 1070 illorum
528 1007 768 1086 explicationem
790 1008 852 1066 iam
877 1004 1016 1066 secundo
1035 1009 1185 1065 tentasset
1206 1001 1276 1082 (Dc

52 1115 130 1177 Gen.
145 1119 261 1180 Contra
274 1117 357 1178 Man.
372 1118 464 1177 -lle
478 1115 554 1177 Gen.
569 1116 609 1176 ad
625 1116 677 1176 lit·
693 1114 816 1194 imperf.
832 1114 840 1194 )
856 1136 863 1174 :
886 1130 1022 1193 eumque
1038 1115 1077 1174 de
1092 1112 1213 1188 uulgari
1227 1111 1273 1171 in·

55 1227 286 1304 terpretatione
307 1224 487 1303 persuaderi
503 1241 565 1285 non
581 1231 699 1304 posset,
715 1221 982 1302 conscripsit‚iam
990 1220 1279 1300 Episcopus,libros

53 1349 139 1412 quos
150 1334 192 1394 De
208 1333 317 1394 Genesi
328 1331 369 1395 ud
382 1332 522 1395 litteram
535 1333 716 1413 appellavit,
731 1330 908 1394 duodecim.
925 1330 959 1390 ln
972 1330 1021 1390 iris
1035 1329 1152 1408 itaque,
1168 1345 1204 1389 ac
1220 1345 1279 1406 po-

53 1447 123 1501 stea
138 1439 280 1519 inopere
293 1440 330 1502 dc
344 1439 409 1501 Ciu.
422 1441 540 1529 Dcillt.
553 1441 593 1503 lt.
607 1458 653 1502 nc.
666 1443 696 1519 l,
712 1441 764 1518 29,
776 1441 827 1515 30,
842 1437 893 1517 31)
910 1455 965 1499 sex
976 1438 1043 1499 dies
1058 1438 1129 1498 illos
1144 1452 1201 1514 pro
1215 1452 1279 1499 uno

52 1546 290 1626 eodemquedie
303 1554 358 1610 aut
371 1556 671 1627 prounomomcnto
685 1548 808 1628 accipit3
824 1546 909 1627 quod
923 1553 1235 1623 autemetvesperam
1247 1544 1279 1604 et

51 1669 145 1714 manc
160 1654 306 1716 habuisse
320 1655 465 1719 dicantur
478 1704 487 1736 ,
501 1656 562 1718 hoc
575 1655 673 1717 refert
694 1656 733 1717 ad
746 1653 941 1730 Angelorum
959 1651 1118 1726 notitiam,
1135 1668 1196 1728 qua
1207 1650 1278 1712 sin·

52 1760 127 1836 gula
141 1761 195 1822 Dei
210 1778 306 1841 opera
319 1763 457 1841 primum
479 1764 511 1824 in
525 1763 628 1825 Verbo
651 1767 885 1840 cognorerunt,
902 1759 1015 1822 deinde
1027 1747 1068 1821 'in
1089 1759 1237 1838 operibus
1252 1760 1278 1820 i-

55 1867 133 1946 psis;
143 1877 175 1929 ct
188 1871 402 1946 cognitionem
417 1873 450 1932 in
459 1872 560 1934 Verbo
574 1871 805 1946 matutinum,in
818 1871 893 1949 ipsis
904 1869 1040 1931 conditis
1054 1870 1148 1930 rebus
1158 1883 1283 1946 vesper·

54 1972 309 2040 tioaw'nominat
320 1978 368 2059 (V.
385 1979 423 2041 de
435 1978 512 2043 Gen„
529 1982 568 2041 ad
585 1981 630 2042 lit.
647 1981 667 2041 l.
682 1979 730 2059 lV,
747 1997 776 2040 c.
792 1979 844 2057 at,
860 1976 967 2059 seqq.)
986 1976 1091 2049 «Quid
1108 1993 1184 2053 ergo
1199 1992 1281 2055 opus

59 2105 78 2144 a
99 2093 177 2162 erat,
193 2087 246 2166 ait,
269 2105 324 2150 serr
339 2088 480 2153 diaetam
496 2089 641 2175 distincte
655 2089 869 2168 dispositeque
883 2087 1019 2148 narrarit
1032 2086 1109 2158 Quia
1128 2083 1279 2146 scilicetil

57 2215 73 2250 o
95 2199 226 2273 quinon
242 2202 375 2275 possunt
387 2196 492 2257 videre
505 2197 591 2278 quod
606 2197 726 2259 dictum
740 2201 809 2256 ests
825 2195 946 2258 creavit
967 2192 1191 2266 omniasemel,
1214 2190 1278 2253 nisi

53 2320 72 2362 s
93 2318 169 2362 cnm
193 2304 238 2365 eis
261 2319 367 2365 sermo
382 2303 501 2364 tardius
516 2304 651 2380 incedat,
666 2302 753 2363 adid
767 2318 830 2380 quo
844 2301 1014 2375 easducit‚
1035 2301 1198 2378 peruenire
1212 2316 1277 2360 non

58 2431 77 2469 e
97 2417 244 2490 possunt.
258 2427 278 2471 n
291 2411 373 2472 llaec
388 2411 556 2490 expositio,
580 2418 615 2472 ut
630 2427 740 2472 verum
754 2409 863 2488 fatear,
877 2408 1037 2488 ingeniosa
1048 2407 1277 2488 mihiquidem,

53 2518 115 2579 sed
143 2519 249 2596 potius
274 2518 442 2595 allegorice
455 2525 510 2580 aut
523 2517 655 2598 mystica
679 2535 774 2599 quam
800 2517 946 2580 litteralis
966 2517 1107 2581 videtur.
1122 2516 1183 2579 Sed
1196 2533 1280 2580 nune

52 2627 117 2688 troc
131 2625 268 2686 maxime
280 2625 507 2688 advertendum
518 2633 578 2703 est,
592 2626 806 2705 Augustinum
819 2627 896 2689 lonis
909 2627 1013 2689 citatis
1026 2644 1091 2690 non
1104 2626 1249 2688 docuisse
1266 2675 1274 2701 ,

50 2734 163 2797 omnia
175 2749 256 2812 qnae
268 2733 346 2796 Gen.
362 2732 398 2794 l·.·
411 2741 616 2797 recensentur
639 2752 710 2798 uuo.
728 2736 778 2799 die
805 2735 853 2796 uel
868 2742 1031 2798 momento
1049 2735 1277 2797 actuertitiasc

50 2839 164 2921 (quod
179 2855 257 2900 cum
268 2840 399 2903 Philone
411 2841 526 2904 ludaeo
542 2853 573 2903 et
584 2825 716 2923 Origene
729 2842 781 2903 alii
796 2843 973 2905 docuerunt
985 2841 1006 2918 l,
1023 2843 1077 2904 sed
1090 2843 1276 2918 multarum,

50 2949 265 3010 santumnium
280 2967 386 3011 rerum
404 2967 627 3030 corporearum
652 2959 728 3014 tuuc
741 2952 904 3013 materiam
926 2951 1146 3014 tantummodo
1156 2951 1277 3029 produ·

48 3063 145 3131 ctum,
162 3055 171 3137 l
187 3057 277 3136 qnod
287 3057 441 3136 Basilius,
464 3057 632 3136 Gregorius
645 3059 788 3137 Magnus,
811 3060 926 3138 aliique
941 3059 1097 3119 innumeri
1120 3059 1234 3119 docent
1250 3056 1274 3135 l,

48 3170 123 3242 post
136 3181 193 3225 aex
217 3165 371 3226 veredica
385 3165 457 3228 illos
471 3167 502 3227 iu
517 3168 715 3229 successione
736 3165 888 3244 temporis
901 3163 1071 3242 formatum
1086 3165 1192 3224 tuisse.
1209 3164 1270 3225 Pe-

49 3272 171 3334 caliace
184 3270 362 3350 Augustino
383 3274 443 3336 lroc
458 3275 562 3338 solum
577 3283 647 3350 est,
664 3281 771 3339 atses
785 3275 851 3335 dies
865 3273 1018 3336 ldosaicos
1033 3273 1064 3333 in
1080 3290 1179 3333 unum
1195 3290 1277 3335 con-

50 3381 165 3442 tralrat.
181 3381 256 3443 llius
269 3381 412 3473 doctrina
435 3382 474 3443 ad
489 3383 566 3446 haec
580 3383 682 3464 capita
697 3392 870 3446 revocatur:
889 3379 1188 3445 tremiscenda
1204 3381 1270 3443 neo

50 3485 150 3552 inisse
160 3488 324 3567 producta:
341 3489 389 3550 2⁰
404 3505 477 3552 cum
492 3489 560 3570 ipsa
575 3492 617 3552 ita
631 3492 755 3572 disponi
770 3498 898 3572 queant,
931 3495 966 3553 ut
979 3488 1125 3551 intimum
1138 3488 1278 3566 gradum

49 3595 405 3686 materieelemeutaris,
421 3617 606 3680 supremum
620 3601 691 3680 puri
706 3602 834 3680 spiritus
850 3650 858 3680 ,
873 3605 1030 3680 occupent
1044 3597 1223 3658 interiectos
1238 3603 1271 3654 et

51 3703 172 3766 medios
188 3715 256 3776 tum
271 3707 381 3786 mista,
397 3725 453 3771 seu
468 3708 599 3772 chimica
615 3710 880 3789 composita,.tum
896 3726 1028 3788 corpora
1040 3707 1168 3786 physice
1184 3719 1273 3763 com·

51 3812 164 3890 posita,
183 3823 222 3876 ut
232 3832 323 3892 saxa,
349 3825 416 3879 tum
431 3820 599 3898 praecipue
614 3836 746 3900 corpora
761 3819 918 3896 organica.
941 3818 1018 3880 Hinc
1031 3833 1112 3895 quac
1136 3814 1174 3872 ad
1201 3810 1281 3898 infr-¹

51 3935 161 3997 mum,
191 3939 436 4003 supremumque
450 3928 583 4002 gradum
598 3936 741 4010 spectant
756 3937 787 3989 et
799 3929 823 3990 si
837 3945 920 4007 quae
934 3927 993 3985 alia
1009 3929 1094 3997 sunt,
1117 3937 1198 4000 quac
1212 3937 1270 3981 na-

52 4034 143 4091 turae
163 4029 282 4094 viribus
306 4050 409 4113 neque
424 4053 507 4097 nunc
521 4040 757 4116 producuntur,
784 4037 876 4116 plene
891 4043 922 4097 et
937 4033 1072 4115 perfecte
1089 4040 1161 4095 tuuc
1176 4029 1271 4092 luisse

72 4274 76 4281 ·
93 4263 109 4312 1
127 4261 212 4317 llotn
229 4269 254 4314 et
266 4262 309 4316 'les
325 4263 461 4332 ptoloms
479 4267 507 4317 c.
526 4266 552 4316 3.
571 4278 597 4333 p.
615 4265 659 4322 dt,
722 4314 727 4326 ,
812 4317 817 4325 .
