2970 5002
1290 342 1347 407 151

129 479 182 527 eae
206 460 499 544 recipinumquam
521 465 647 544 debent;
661 485 696 530 ac
719 473 786 531 tum
808 469 1011 536 solummodo
1026 471 1057 535 in
1073 475 1213 540 medium
1234 479 1353 545 adduci

127 578 275 654 possunt,
291 587 389 654 quum
406 573 493 635 nulla
514 575 573 636 alia
589 576 667 638 ratio
683 578 833 658 suppetit,
848 585 883 641 ut
897 581 1095 658 ostendatur,
1113 600 1180 646 rem
1196 585 1347 667 aliquam,

128 681 209 764 quae
229 679 280 743 vel
301 698 340 743 ex
356 679 491 744 humana
511 683 640 746 scientia
655 685 703 746 vel
722 704 761 749 ex
773 687 965 751 revelatione
977 688 1155 770 deducitur,
1171 699 1206 756 ut
1219 696 1352 760 omnino

129 789 360 871 impossibilem
383 790 584 854 reiiciendam
606 807 669 855 non
691 812 771 858 esse.
1142 802 1151 819 '

168 899 232 962 Cur
246 898 300 962 sol
325 899 449 965 dicatur
467 917 664 980 praeesset
633 901 706 979 dici,
720 909 752 964 et
774 902 999 985 aliquomodo
1022 923 1079 987 per
1100 864 1183 971 diem
1205 871 1354 973 domina-

129 1007 182 1087 ri,
205 1008 384 1077 remonon
407 1007 502 1069 videt.
525 1006 635 1071 Statim
660 1026 697 1070 ac
721 1009 760 1071 ad
791 1011 988 1074 horizontem
1017 1011 1138 1076 aceedit
1164 1023 1277 1095 potens
1298 1017 1354 1079 ille

130 1112 197 1175 diei
213 1106 330 1205 llex'i,
352 1118 460 1182 ,cetera
481 1120 564 1177 astra
586 1117 690 1178 ornnia
713 1110 856 1197 pallent,
884 1134 921 1180 ac
942 1122 1138 1200 praepotenti
1160 1123 1258 1202 ipsius
1279 1124 1353 1186 luce

130 1223 353 1301 conteguntur.
377 1220 432 1286 Sol
453 1240 535 1286 unus
558 1223 639 1285 inter
659 1231 742 1286 astra
763 1225 867 1288 omnia
888 1233 937 1288 eat
951 1226 1114 1290 nobisvua
1137 1228 1353 1322 (instrumen-

130 1328 225 1413 tum)
248 1326 433 1393 admirabile
444 1329 577 1411 emerici,
599 1340 737 1394 excreas
758 1339 892 1410 montes,
913 1332 1023 1398 radios
1039 1334 1152 1415 ipnitoc
1168 1335 1349 1417 exsufflare.

132 1436 252 1522 illecti.
265 1437 367 1514 XLlll,
391 1436 423 1519 3)
445 1445 477 1501 et
499 1455 632 1517 magnus
646 1439 716 1502 lons
733 1440 811 1503 lucis
824 1441 965 1520 aevitac,
976 1442 1220 1523 pulchritudinis
1235 1452 1267 1506 et
1282 1445 1351 1506 lae-¹

127 1546 219 1610 'litiae
236 1545 255 1598 ²
274 1544 417 1628 quamvls
441 1563 498 1627 per
520 1564 553 1609 se
574 1546 651 1609 haee
672 1553 758 1609 tanta
780 1565 843 1610 nnn
864 1555 1014 1630 praestet,
1038 1548 1093 1610 sed
1108 1566 1170 1630 qua
1193 1549 1349 1612 creatoris

131 1655 279 1720 minister
299 1652 489 1719 constitutus
504 1661 562 1717 est.
576 1657 661 1718 Luna
675 1673 803 1737 quoque
823 1656 900 1718 dutn
915 1655 1015 1735 fulget
1029 1655 1061 1718 in
1078 1656 1180 1735 coelo,
1196 1671 1260 1719 non
1276 1672 1353 1737 pau-

133 1778 169 1826 ea
185 1758 505 1839 'obscuranturastrm
530 1769 564 1825 ut
585 1763 651 1843 ipsa
674 1764 887 1858 principatum
904 1763 1076 1846 quemdam
1092 1780 1128 1826 ac
1142 1763 1238 1826 veluti
1256 1772 1351 1843 pote-

137 1876 253 1935 statem
272 1869 373 1933 noctis
395 1877 501 1932 tenere
513 1871 664 1933 videatur.
688 1871 737 1934 Ad
752 1872 838 1933 illam
860 1873 1030 1952 praecipue
1046 1857 1250 1952 populorum
1261 1872 1348 1937 oculi

131 1979 333 2059 diriguntur,
359 1979 438 2043 adeo
460 1986 496 2042 ut
518 1981 641 2062 ipsam,
660 1989 819 2063 tamquam
845 1980 928 2044 coeti
948 1981 1106 2062 chtaam,
1129 1980 1175 2042 uti
1195 1987 1243 2043 est
1262 1981 1350 2063 apud

130 2087 298 2152 letemiam
327 2089 368 2169 ³,
390 2087 513 2152 llthnici
538 2090 882 2172 populiauperstitiose
905 2098 1139 2153 venerarentur.
1163 2079 1349 2155 Lumincriu

129 2184 247 2277 mnpnu
268 2180 421 2259 vocentur
441 2195 493 2259 Sol
506 2203 537 2257 et
557 2196 655 2274 Luna,
679 2198 752 2277 quia
773 2197 867 2274 longe
888 2199 1023 2259 maiores
1044 2195 1113 2257 aliis·
1133 2195 1226 2258 astris
1247 2196 1350 2275 adpa-

132 2309 231 2379 rent,-
241 2308 275 2364 'et
290 2303 367 2383 quia
389 2319 496 2365 revera
517 2313 591 2366 sunt
610 2304 733 2365 maiore
755 2303 821 2384 (sic
842 2302 936 2365 etiam
957 2302 1038 2364 uerti
1058 2300 1184 2382 potest)
1212 2300 1353 2365 lumino

137 2411 190 2473 rie
208 2409 341 2487 telluris,
365 2426 438 2473 nam
461 2428 530 2473 eam
554 2411 655 2473 multo
677 2413 777 2489 magis
797 2418 894 2492 quum
907 2409 1016 2472 stellae
1029 2409 1220 2472 illuminant
1236 2408 1277 2471 At
1291 2409 1351 2472 Lu-·

132 2535 174 2603 na
179 2534 278 2601 q,uae
297 2518 399 2582 stellis
417 2527 597 2602 comparata
617 2527 749 2584 vocatur
770 2519 925 2601 luminare
937 2535 1082 2600 mapaum
1102 2517 1152 2580 rel
1171 2519 1287 2598 maius,
1299 2516 1353 2581 di-

131 2629 224 2706 citur,
240 2627 355 2692 collata
375 2638 447 2693 cum
470 2630 547 2705 sole,
562 2629 717 2693 luminare
733 2629 872 2710 pervum
890 2629 941 2690 iel
962 2618 1086 2705 minus:
1110 2634 1245 2706 utroque
1266 2625 1353 2690 enim

130 2736 230 2801 modo
250 2739 328 2807 verti
351 2744 456 2817 potest
468 2754 528 2799 vox
542 2736 675 2797 hebraea
692 2736 721 2814 l,
744 2754 817 2799 cum
833 2735 1053 2817 comparativis
1068 2738 1195 2796 careant
1206 2730 1351 2795 Hebraei.

130 2844 307 2908 Audiamus
328 2863 356 2908 s:
380 2845 530 2909 Thomam
549 2846 578 2907 o.
601 2864 619 2905 u
640 2843 728 2906 Sicut
748 2843 1095 2926 chrysostomus‘dicit,
1116 2843 1265 2904 dicuntur
1286 2827 1352 2903 dun
1389 2836 1391 2841 ’

135 2974 150 3011 a
172 2951 340 3033 luminaria
359 2972 484 3034 magna,
509 2973 573 3018 non
596 2966 660 3017 tam
682 2954 874 3034 quantitate,
896 2969 993 3034 quam
1014 2949 1151 3014 efficacia
1172 2956 1204 3043 et
1226 2951 1352 3009 virtute.
1406 3024 1408 3027 Ι

136 3083 152 3120 «
175 3062 254 3135 Quia
274 3062 334 3126 etsi
355 3066 435 3126 aliae
456 3064 567 3127 stellae
588 3068 651 3127 sint
672 3066 806 3127 maiores
828 3065 1004 3142 quantitate
1025 3077 1121 3142 quam
1144 3060 1230 3137 luna,
1245 3066 1353 3118 tamen

137 3190 153 3227 a
174 3168 303 3234 effectus
325 3157 418 3234 lunae
439 3174 539 3260 magis
560 3175 693 3236 sentitur
713 3172 745 3232 in
767 3171 834 3232 istis
849 3168 1061 3259 interioribus,
1074 3173 1106 3226 et
1119 3167 1215 3225 etiam
1236 3178 1355 3224 secun-

134 3295 153 3339 α
177 3278 257 3340 dum·
276 3296 403 3343 sensum
425 3284 525 3345 maior
546 3276 686 3361 adparet.
710 3297 729 3340 n

151 3403 153 3408 ’
177 3387 253 3451 Llll.
276 3387 359 3452 llaec
379 3390 546 3453 luminaria
567 3390 609 3451 ait
629 3389 731 3452 llloses
754 3384 829 3468 (vv.
844 3386 893 3462 tt,
909 3383 971 3464 17)
996 3399 1013 3444 a
1036 3383 1100 3446 Deo
1125 3378 1222 3471 iacta,
1244 3384 1281 3440 ut
1309 3375 1357 3440 lu·

134 3505 240 3564 eareat
262 3499 294 3561 in
315 3496 510 3579 firmamento
532 3499 634 3574 coeli,
658 3506 687 3560 et
709 3479 927 3560 illuminarent
942 3501 1070 3571 terrem.
1085 3487 1359 3564 Quemadmodum

134 3606 187 3670 his
207 3608 311 3670 verbis
335 3626 398 3671 nnn
422 3609 557 3671 intendit
578 3609 693 3685 dicere,
719 3606 803 3687 quod
828 3604 875 3669 sol
899 3620 955 3685 per
979 3609 1125 3679 noctem,
1146 3616 1183 3661 ac
1206 3596 1281 3659 luna
1303 3608 1360 3672 per

137 3715 224 3779 diem
247 3715 371 3809 luceant
392 3719 422 3779 in
447 3719 645 3780 firmamento
666 3725 698 3779 et
722 3725 837 3778 terram
860 3713 1059 3783 illuminent,
1086 3713 1128 3769 ita
1157 3723 1214 3767 nee
1229 3704 1358 3766 innuere

173 3822 189 3874 1
208 3840 223 3874 n
245 3823 298 3878 Tire
313 3827 441 3896 powersul
458 3829 531 3894 Kinp
549 3830 580 3896 cf
592 3828 655 3896 dep.
674 3825 882 3880 a-ruomson.
895 3823 1010 3875 Suasoris
1022 3820 1151 3871 Suasorem

172 3920 191 3972 2
210 3955 299 3974 ........
322 3922 406 3976 Greut
424 3922 563 3990 delecated
579 3937 669 3976 source

277 4017 413 4085 oflipltt,
429 4019 485 4071 aad
502 3999 572 4085 life,
591 4019 647 4072 and
659 4033 759 4086 praec,
777 4016 834 4070 und
846 4014 897 4084 J'o'p
915 4012 1005 4066 below.
1025 4007 1128 4087 nuld.
1141 4006 1218 4064 lbid.

174 4091 794 4181 adsumuntur,17,1c‚1a,uu.

177 4256 320 4382 serr

185 4401 203 4451 a
222 4405 245 4453 1.
265 4401 294 4450 r.
314 4413 342 4466 q.
361 4384 439 4452 nllx.
459 4408 498 4448 n.
519 4391 596 4479 aaa
615 4390 642 4442 t.
