2970 5002
1256 256 1295 323 ll

4 376 28 421 ¹
65 402 190 475 tractat,
206 412 264 458 nee
279 390 436 458 Ecclesiae
451 388 566 457 iudicio
581 378 749 456 declarata.
767 388 903 458 Videbat
914 393 1048 459 tortasse
1071 394 1119 461 vir
1140 398 1293 463 acutissi-

4 486 28 529 ³
60 523 144 581 mus,
170 503 261 567 lacile
275 504 424 584 profanos
439 501 583 564 immines
597 502 746 565 irrisurus
758 503 923 566 historiam
940 502 995 566 liei
1010 507 1138 567 nomine
1154 509 1288 587 exposi-

4 592 25 637 ε
63 623 139 693 tam,
151 612 345 694 qooelteum
363 612 698 692 rcpmeseutatomnin
719 612 901 674 immediate
923 622 1110 693 operantem
1124 620 1156 678 et
1171 615 1292 695 pluries

60 723 100 786 od
112 739 204 803 opus,
228 722 268 783 ad
283 722 382 785 instar
393 722 523 785 humani
537 720 665 784 artillcis
680 771 688 802 ,
701 708 903 799 ¹redeuntem,
919 721 975 802 qui
990 740 1063 786 eum
1078 723 1288 805 omnipoten-

5 808 15 849 ³
64 833 139 893 tiam
153 847 243 892 suam
258 828 417 909 praeclare
429 830 598 893 ostendere
610 830 766 911 posset,si
779 829 1030 910 perlectuomnla
1040 838 1291 897 momentotem·

61 942 147 1020 poris
162 940 317 1019 alliceret,
332 956 406 1002 cum
420 938 591 1002 ostendere
614 955 743 1021 quoque
767 946 874 1019 posset
889 939 1077 1020 sapientiam
1093 943 1217 1022 siquae
1234 959 1293 1022 per

59 1050 222 1129 simplices
236 1066 273 1110 ac
286 1047 460 1111 loecuudas
484 1052 616 1108 naturae
629 1045 714 1124 leges
728 1047 851 1126 abipso
866 1048 1055 1110 constitutas
1068 1054 1101 1110 et
1115 1064 1290 1138 conserva-

60 1166 110 1218 tas
132 1157 239 1237 perllci
254 1161 413 1236 poterant,
436 1153 485 1216 llis
498 1153 576 1234 ipsis
597 1154 923 1234 legibusperllcienda
937 1156 1150 1235 relinqueret:
1180 1163 1288 1221 umen

58 1280 121 1325 nec
132 1263 395 1342 omnipotentiam
409 1270 503 1324 actus
523 1260 574 1323 sui
587 1264 730 1335 unimte,
754 1277 812 1323 nee
826 1261 1013 1339 sapientiam
1033 1261 1141 1340 legum
1156 1278 1290 1327 suarum
1391 1243 1394 1250 ⁵

57 1372 186 1434 actione
198 1372 405 1434 demonstrat.
419 1371 504 1433 Deus
514 1371 569 1451 qui
584 1368 837 1450 unoquoqucdie
849 1384 915 1432 uno
933 1373 989 1433 aut
1013 1371 1123 1450 paucis
1147 1386 1292 1435 momen·

60 1480 102 1541 tis
116 1488 277 1560 operatur,
299 1478 413 1541 deinde
428 1494 485 1559 per
495 1483 595 1542 totam
606 1476 692 1541 diem
702 1476 847 1559 quiescit,
859 1476 913 1558 qui
925 1477 1145 1542 contusionem
1159 1488 1247 1543 creat
1257 1494 1294 1551 er

58 1589 205 1650 ordinem
218 1605 349 1666 regnare
361 1588 442 1666 vult,
467 1588 521 1669 qni
542 1594 616 1649 ante
629 1587 933 1650 ortum‘animalium
949 1588 1053 1650 lucem
1070 1588 1176 1651 nescio
1190 1605 1288 1669 quam

62 1698 138 1782 lacit
153 1746 159 1773 ,
184 1704 219 1760 ut
243 1696 306 1758 lere
319 1696 426 1757 statim
449 1705 617 1757 evanescat
632 1694 741 1756 autad
756 1702 841 1758 astra
855 1696 966 1773 lugiet,
981 1703 1162 1776 terramque
1175 1714 1289 1759 recens

62 1813 202 1868 creatam
217 1806 309 1885 aquis
324 1805 387 1865 lata
399 1803 551 1883 contegit,
566 1812 601 1865 ut
615 1804 853 1884 quamprimum
865 1822 904 1866 en
918 1803 979 1866 illis
993 1821 1064 1865 eam
1075 1788 1242 1867 extraneo

98 1912 160 1974 vlt.
179 1911 259 1985 onio
274 1929 314 1972 ex
328 1910 376 1972 llis
391 1911 621 1973 concludimus
632 1912 647 1970 l
659 1913 702 1972 l.⁰
718 1910 845 1988 Vulgari
861 1911 1111 1991 interpretationi
1125 1928 1204 1990 quae
1216 1912 1285 1974 dies

56 2019 212 2083 llosaicos
228 2018 388 2082 naturales
412 2020 492 2094 dies,
507 2020 613 2081 verius
636 2019 744 2081 civiles
758 2019 1007 2099 vigintiquatuor
1027 2004 1161 2084 omnino
1189 2020 1285 2084 hora·

58 2144 146 2204 rum,
161 2144 231 2189 esse
245 2126 420 2202 contendit,
434 2126 662 2207 praceuntibus
678 2126 857 2205 Augustino
870 2135 903 2189 et
916 2128 1036 2191 Thomu
1049 2129 1185 2210 allisque
1199 2130 1286 2193 mol·

58 2237 100 2299 tis
112 2236 308 2312 doctoribus,
328 2243 397 2298 tuto
412 2234 493 2314 peda
506 2234 681 2296 valedicere
695 2250 878 2313 possumus.
891 2235 1036 2316 Cumque
1050 2236 1212 2317 lieoatpcr
1225 2237 1285 2301 Ec·
1330 2290 1334 2295 .

56 2344 187 2407 clesiam
202 2342 347 2406 breviare
368 2342 438 2404 dies
462 2340 619 2404 llosaieos
641 2356 763 2419 eosque
778 2341 808 2401 in
823 2340 907 2403 diem
930 2353 1032 2403 unum
1054 2349 1114 2407 eut
1130 2343 1160 2404 in
1182 2358 1286 2409 unum

56 2452 212 2532 temporis
227 2456 427 2514 momentum
442 2448 641 2525 contrahere,
665 2448 774 2512 licebit
786 2451 917 2531 pariter,
940 2448 995 2513 ulti
1015 2451 1093 2515 satis
1106 2450 1210 2515 valida
1232 2470 1285 2517 ra·

54 2565 104 2627 tio
118 2562 149 2624 id
165 2560 307 2636 suadeat,
322 2558 389 2621 dies
403 2558 475 2621 illos
488 2558 647 2635 longiores
662 2574 793 2638 ponere.
809 2559 974 2622 Praeterea
988 2576 1029 2623 ex
1043 2560 1135 2624 dictis
1148 2568 1182 2625 el
1192 2578 1289 2644 prae·

54 2673 167 2735 sertim
188 2687 228 2731 ex
242 2667 385 2746 diligenti
409 2666 544 2731 lectione
559 2668 666 2747 operis
680 2666 718 2729 de
732 2667 808 2729 Gen.
832 2666 874 2730 ad
887 2666 937 2730 iit.
956 2668 1150 2750 (praecipue
1170 2668 1207 2735 t.
1229 2668 1281 2731 vt.

55 2798 104 2844 cc.
126 2782 158 2844 d.
180 2781 212 2841 5.
234 2780 265 2841 6.
290 2773 347 2855 7.)
371 2782 504 2857 apparat
525 2783 559 2839 et
578 2775 793 2855 angustinum
816 2791 879 2838 uon
900 2793 1135 2858 quamcumque
1153 2784 1285 2858 tempo·
1364 2800 1369 2809 ·

55 2892 101 2954 ris
125 2889 359 2952 successionem
381 2888 413 2948 in
433 2883 605 2949 creationis
624 2882 777 2964 operibus
798 2882 947 2964 inlleiari,
972 2885 1084 2967 (quod
1099 2898 1177 2949 sune
1196 2894 1284 2950 esset

56 3003 163 3063 lucem
177 2996 341 3060 meridiani
365 2994 441 3058 solis
454 2992 595 3081 negare)
621 2993 676 3055 sed
693 2997 785 3073 putat
808 2993 884 3069 ille,
906 3007 989 3074 quae
1008 2992 1046 3057 ll.
1071 2995 1149 3058 Gen.
1172 3012 1192 3057 a
1212 3012 1242 3057 v.
1258 2996 1281 3058 6

56 3114 252 3185 narrantur,
276 3121 384 3168 revera
404 3103 574 3167 secundum
596 3100 771 3165 interuallo
792 3108 965 3183 temporum
988 3101 1149 3165 evenisse:
1180 3120 1281 3183 quae·

56 3224 168 3296 queat
183 3231 267 3276 nunc
287 3228 326 3275 ex
338 3210 446 3275 creata
460 3209 591 3273 materia
606 3212 792 3287 gignuntur,
810 3209 858 3269 uti
871 3208 1004 3286 semina,
1017 3208 1133 3288 stirpes
1148 3217 1182 3270 et
1204 3210 1278 3271 aui·

54 3325 161 3401 maiia,
176 3326 207 3385 in
220 3320 375 3403 principio
389 3336 496 3383 reram
509 3317 590 3379 laeta
600 3317 698 3380 luisse
710 3322 834 3378 tantam
845 3314 1283 3399 coasaoliter,iaoiritiliter,
1307 3356 1310 3361 -

51 3430 284 3513 potentialiter,
297 3425 444 3512 quomodo
458 3427 538 3507 fiunt
549 3422 661 3504 futuro
675 3440 736 3487 nen
746 3421 845 3503 fecto.
869 3440 889 3483 a
909 3422 1111 3500 Caussditer,
1127 3431 1204 3488 tunc
1227 3424 1281 3486 di-

59 3563 76 3599 r
91 3550 179 3603 ctum
194 3546 252 3616 est,
271 3536 461 3619 produxisse
475 3540 591 3596 terram
606 3532 738 3595 herbam
752 3539 785 3593 ct
798 3531 927 3609 lignum,
945 3531 967 3593 i.
976 3548 1006 3593 e.
1014 3530 1210 3611 producendi
1225 3547 1281 3596 uo·

52 3668 73 3709 n
87 3646 211 3728 cepisse
233 3646 379 3708 virtutem
390 3661 408 3703 »
421 3642 507 3707 aitlr.
517 3640 554 3702 V.
571 3639 605 3702 G.
621 3640 653 3701 c.
668 3638 894 3719 (videtin-Vl,
908 3638 942 3701 C.
956 3638 988 3716 a,
1004 3644 1037 3700 et
1048 3637 1081 3700 ln
1096 3636 1174 3712 llll,
1188 3655 1217 3699 c.
1230 3637 1279 3716 3.)

53 3757 99 3819 lta
113 3772 189 3819 eam
202 3728 373 3817 commune
385 3752 432 3814 sal
447 3752 481 3813 in
496 3766 579 3830 aqua
593 3746 810 3827 dissolvimus,
824 3756 857 3809 et
868 3747 1026 3827 liquidum
1039 3744 1174 3807 sinimus
1190 3744 1275 3805 libe·

54 3848 289 3946 roe'vaporare,
305 3869 381 3926 tunc
393 3862 525 3925 cubicas
539 3861 615 3924 salis
636 3858 806 3939 crystallus
821 3855 955 3920 iacimus
974 3856 1037 3918 sed·
1055 3852 1189 3915 iuturus.
1212 3851 1280 3917 ltoe

43 3983 162 4039 tamen
176 3986 226 4038 est
239 3972 443 4047 discriminis,
460 3973 546 4053 quud
561 3971 702 4052 crystalli
717 3968 806 4046 liant,
826 3980 1022 4048 quamquam
1036 3963 1077 4027 de
1089 3962 1160 4024 sale
1189 3961 1277 4042 quod

53 4085 198 4147 solutam
219 4089 327 4146 manet
342 4081 419 4144 nillil
432 4068 568 4162 amplius
584 4082 782 4169 cogitemus:
798 4074 881 4136 llunt
895 4073 981 4135 enim
996 4090 1035 4135 ex
1052 4072 1122 4150 lege
1143 4078 1277 4133 naturae

45 4208 139 4291 uuae
153 4191 209 4254 liei
225 4191 277 4255 lex
290 4196 350 4254 est:
366 4196 476 4253 contra
492 4208 511 4250 <v
532 4187 692 4252 creatoris
712 4183 855 4265 potentia
875 4188 909 4244 et
929 4178 1156 4260 omnipotentis
1179 4185 1277 4256 atque

51 4320 72 4363 a
87 4299 316 4367 omnitenentis
329 4300 430 4369 virtus
445 4312 539 4362 causa
553 4292 745 4363 subsistendi
759 4299 808 4355 est
823 4290 912 4355 omni
928 4296 1103 4353 creaturae:
1120 4300 1203 4366 qvae
1213 4285 1278 4358 ¹vir·

1099 4394 1119 4452 2
