2970 5002
1246 349 1265 409 9

54 484 135 547 ciem
149 500 254 566 suam,
268 488 301 547 et
310 499 405 548 omne
416 480 542 545 volatile
553 479 672 543 alatum
685 468 771 544 iuxta
782 479 921 562 speciem
932 496 1034 546 suam.
1049 480 1089 545 lit
1099 481 1176 546 vidit
1187 483 1273 548 Deus

55 590 141 670 quod
157 591 167 673 ί
181 591 286 672 esset)
302 592 433 655 bonum.

93 695 144 760 22.
160 695 202 761 Et
215 698 376 760 benedixit
389 698 435 759 eis
448 697 542 774 Deus,
559 694 677 760 dicens:
692 700 840 774 generate
854 695 937 758 filios
951 700 983 757 et
1002 695 1269 777 multiplicamini,

57 808 91 864 et
105 804 226 882 replete
239 821 337 884 aquas
350 803 456 878 maus,
473 811 505 867 et
518 802 646 867 volatile
658 801 889 882 multiplicetur
901 816 997 882 super
1010 807 1138 865 terram.

93 911 145 974 23.
161 909 202 973 Et
215 910 275 974 luit
287 929 416 992 vespera
430 918 462 974 et
474 910 534 974 fnit
546 928 652 990 mane,
668 910 735 973 dies
749 911 890 991 quintus.

92 1017 145 1081 24.
161 1015 201 1079 Et
214 1018 294 1082 dixit
308 1018 402 1082 Deus:
419 1019 575 1101 producat
589 1026 670 1081 terra
684 1016 828 1080 animalia
840 1017 974 1080 viventia
989 1017 1163 1081 secundum
1179 1033 1271 1081 suam

53 1122 204 1202 speciem,
222 1123 397 1202 iumentum
413 1123 423 1203 (
436 1123 485 1185 vel
499 1124 619 1207 cicures
631 1115 816 1200 animantes,
837 1125 888 1185 vel
901 1123 1053 1187 animatia
1064 1123 1230 1187 berbinoro
1243 1122 1268 1203 l,

57 1236 91 1291 et
106 1230 228 1311 reptile,
244 1238 276 1290 et
288 1229 385 1290 leram
399 1238 500 1293 terrae
515 1230 688 1294 secundum
704 1247 795 1295 suam
809 1230 959 1310 speciem.
975 1229 1015 1293 Et
1028 1231 1072 1310 ita
1084 1209 1155 1293 luit.

92 1335 145 1428 25.
158 1334 199 1398 Et
211 1334 285 1397 lecit
296 1333 379 1398 Deus
388 1335 488 1398 feram
499 1344 600 1400 terrae
611 1337 697 1401 iuxta
707 1353 797 1401 suam
807 1337 991 1420 speeiem,et
1000 1338 1174 1402 iumentum
1185 1339 1273 1403 iuxta

61 1457 153 1504 suam
175 1441 325 1523 speciem,
348 1449 380 1505 et
400 1459 494 1507 omne
517 1443 629 1524 reptile
651 1449 753 1507 terrae
771 1446 859 1508 iuxta
872 1461 963 1510 suam
978 1447 1126 1528 speciem.
1141 1445 1182 1511 llt
1192 1447 1272 1509 vidit

60 1549 146 1615 Deus
160 1551 246 1631 quod
263 1550 388 1632 (esset)
405 1552 544 1616 bonum..

96 1660 147 1722 26.
163 1660 203 1723 Et
217 1659 296 1722 dixit
310 1661 406 1723 Deus:
421 1660 574 1725 faciamus
583 1663 744 1727 hominem
757 1663 797 1743 ad
810 1671 951 1728 nostram
964 1663 1273 1742 imaginem,·secun-

52 1767 131 1831 dum
146 1767 384 1832 similitudinem
411 1775 564 1846 nostram,
580 1776 613 1832 et
626 1770 806 1835 dominetur
819 1772 955 1853 piscibus
976 1772 1082 1848 meris,
1105 1778 1137 1834 et
1158 1770 1276 1834 volatili

56 1875 151 1956 coeli,
176 1882 209 1938 et
219 1874 418 1956 quadrupedi
432 1882 544 1954 terrae,
557 1884 590 1940 et
603 1879 689 1942 omni
707 1886 819 1965 terrae,
832 1887 864 1943 et
874 1879 962 1945 omni
971 1879 1076 1960 reptili
1084 1878 1205 1958 repenti
1216 1895 1273 1942 su-

53 2002 113 2064 per
128 1992 254 2049 terram.

96 2093 147 2156 27.
162 2093 330 2159 laureavit
343 2095 427 2160 Deus
441 2093 602 2158 hominem
616 2094 656 2157 nd
670 2094 839 2174 imaginem
853 2111 954 2159 suam:
969 2095 1009 2157 ad
1022 2094 1194 2175 imaginem
1217 2096 1273 2158 liei

58 2217 133 2266 eum
147 2204 272 2266 creavit:
290 2203 468 2268 masculum
482 2209 514 2265 et
526 2203 707 2265 foeminam.

100 2312 152 2376 28.
165 2309 205 2375 Et
218 2310 379 2373 benedixit
389 2309 451 2371 illis
465 2309 560 2383 Deus,
575 2317 607 2370 et
621 2309 699 2370 dixit
712 2307 774 2371 illis
786 2309 879 2372 Deus:
894 2320 1042 2389 generate
1053 2312 1135 2374 lilios
1147 2318 1179 2374 et
1190 2313 1277 2374 mul·

51 2417 253 2497 tiplicamini,
279 2422 311 2478 et
335 2416 456 2495 replete
471 2422 598 2494 terram,
619 2420 653 2476 et
672 2413 817 2478 subiicite
836 2433 918 2495 eam,
940 2423 973 2479 et
994 2416 1202 2480 dominamini
1224 2417 1276 2498 pi·-

51 2524 164 2587 scibus
181 2523 288 2602 maris,
315 2530 348 2586 et
360 2523 480 2589 volatili
493 2521 586 2604 coeli,
599 2529 631 2585 et
648 2523 811 2587 universae
825 2525 942 2588 bestiae
962 2525 1100 2588 moventi
1120 2541 1154 2588 ae
1177 2542 1275 2605 super

54 2638 185 2693 terram.

93 2738 146 2802 29.
163 2736 202 2801 llt
216 2737 295 2801 dixit
309 2739 490 2804 Deus:Ecce
504 2739 576 2802 dedi
591 2739 685 2830 vobis¹
695 2756 824 2805 omnem
837 2739 967 2803 herbam
981 2736 1209 2821 producentem
1221 2757 1274 2803 se-

54 2861 142 2926 men,
156 2863 238 2926 quae
252 2844 262 2926 (
274 2845 344 2926 ast)
359 2846 391 2908 iu
406 2845 573 2925 superlicio
586 2847 876 2932 universaelterrae,
886 2857 918 2909 et
930 2863 1057 2910 omnem
1068 2847 1217 2909 arborem
1243 2845 1276 2908 in

56 2970 120 3034 qua
136 2953 226 3034 (est)
243 2954 364 3017 fructus
378 2951 501 3018 arboris
514 2953 680 3017 continens
694 2970 813 3017 semen:
828 2954 917 3018 vobis
935 2954 995 3017 erit
1008 2954 1038 3016 iu
1053 2945 1169 3016 escam.

98 3063 150 3124 30.
165 3059 205 3123 Et
219 3062 304 3125 omni
317 3062 438 3124 bestiae
452 3068 564 3139 terrae,
581 3069 613 3124 et
627 3061 714 3125 omni
728 3061 848 3125 volatili
870 3061 962 3137 coeli,
984 3070 1016 3124 et
1037 3063 1124 3125 omni
1146 3062 1268 3142 repenti

57 3174 283 3247 superterram
309 3168 340 3231 iu
354 3184 418 3250 quo
430 3166 512 3249 (est)
526 3168 632 3231 anima
642 3168 758 3247 vivens,
771 3166 874 3232 omnis
886 3168 1099 3256 herbavirens
1111 3168 1143 3227 in
1155 3182 1273 3227 escam·

64 3274 107 3340 Et
120 3277 162 3338 ita
180 3275 250 3339 fnit.
369 3340 372 3347 Δ

90 3363 143 3446 31.
159 3383 286 3448 Etvidit
299 3384 386 3447 Deus
401 3402 495 3449 omne
510 3343 594 3466 quod
611 3387 774 3464 leceratet
786 3403 858 3450 ecce
871 3385 970 3469 (erat)
984 3385 1106 3450 bonum
1117 3382 1218 3448 valde.
1232 3381 1273 3446 Et

56 3489 117 3554 luit
129 3507 260 3572 vespera
273 3498 305 3555 et
318 3491 380 3579 luit·
391 3508 495 3570 mane,
511 3493 578 3557 dies
592 3498 710 3556 sextus.

343 3728 383 3774 llll
397 3714 624 3779 useruarolva
638 3729 770 3777 MOSblCO
786 3727 973 3776 osdlnlllll.

95 3929 314 4011 ll.Antequnm
324 3932 363 3994 ad
376 3937 480 3997 textus
494 3931 723 4012 expositionem
737 3931 896 4005 accedam,
906 3926 1058 3992 nonnulla
1071 3924 1276 4006 praemitten·
1369 3956 1393 3983 a

58 4037 100 4100 da
114 4037 315 4103 existimodt
327 4038 431 4118 primo
445 4039 579 4103 referam
590 4038 869 4120 prudentissimam
880 4033 1234 4113 sententiamp.Pererii
1243 4033 1276 4094 S.

55 4145 81 4208 l.
96 4147 151 4227 qui
165 4146 312 4211 Genesim
328 4147 430 4212 doctis
444 4164 518 4209 sane
532 4156 564 4210 ot
576 4145 740 4210 laboriosis
768 4152 872 4227 atque,
889 4151 925 4209 ut
938 4161 975 4206 ea
989 4143 1131 4207 ferebant
1145 4149 1272 4220 tempo·

57 4269 107 4331 ra,
123 4254 251 4334 optimis
265 4254 499 4320 commentariis
512 4254 689 4318 illustravit.
706 4273 725 4316 <c
748 4251 831 4315 lllud
852 4252 1019 4330 diligenter
1041 4247 1226 4321 cavendnm,
1243 4256 1275 4308 et
1310 4302 1313 4311 .

59 4382 80 4424 «
101 4364 231 4430 omnino
245 4365 431 4447 fugiendum
452 4372 511 4446 est,
527 4383 567 4430 ne
580 4365 613 4428 in
625 4364 786 4429 tractanda
800 4361 894 4426 blosis
916 4359 1069 4439 doctrina,
1092 4355 1266 4437 quidquam
