2970 5002
224 231 264 298 {id

226 369 338 450 terreis
361 370 388 448 1,
412 367 496 448 qrrol
514 372 544 427 et
559 365 653 428 nrrrdo
668 365 750 429 lacit.
768 367 812 430 lta
834 364 945 449 primia
958 365 1022 431 illis
1037 364 1145 431 statim
1158 365 1359 433 screatione
1372 373 1437 432 tem
1478 395 1481 435 r

226 480 360 560 poribus
374 493 410 538 aa
426 476 545 538 ratione
560 477 591 537 in
614 478 734 537 nrundo
746 485 895 557 operatus
908 484 1003 554 esset,
1016 494 1053 539 aa
1065 482 1138 556 post
1152 474 1304 557 priorum
1318 478 1439 541 creatio·
1478 502 1481 525 a

224 605 298 652 nem
314 595 480 668 parentum
497 603 622 666 sempor
645 594 795 665 operatus
807 595 870 665 cst,
895 587 1044 650 nimirum
1058 603 1114 666 per
1128 585 1269 651 Naturae
1282 587 1390 668 leges,
1402 588 1441 649 in·

225 695 405 758 terveniens
422 703 523 758 tamen
541 697 606 774 ipse
620 695 739 775 absque
754 695 859 774 legum
874 694 1067 759 naturalium
1090 693 1271 759 ministerio
1292 696 1352 763 ubi
1374 699 1441 760 istae

219 804 385 868 'deficiunt
408 805 452 866 lta
475 804 539 865 Deo
555 805 725 884 placuisse,
750 804 1380 886 geologicaedisquisitionesostendunt
1400 812 1440 867 at·

224 932 287 993 que
310 915 441 976 innuere
463 914 557 975 etiam
578 913 685 992 aliquo
714 912 745 974 in
775 913 846 977 loco
870 913 974 976 Moses
997 911 1139 990 videtur,
1161 911 1250 993 quod
1269 911 1360 977 inim
1376 913 1441 977 indi

224 1022 378 1084 cabimus.
404 1023 469 1099 Age
485 1039 569 1084 vcro:
584 1022 616 1083 Si
632 1029 763 1084 naturae
777 1022 900 1100 legibus
922 1031 990 1086 tum
1012 1021 1063 1083 hic
1074 1039 1170 1102 quem
1190 1039 1251 1084 nos
1275 1021 1441 1089 incolimus

225 1139 295 1193 tum
317 1107 370 1192 alii
385 1131 503 1191 similos
519 1130 606 1208 globi
628 1131 783 1207 coaluere,
803 1140 871 1193 tum
886 1130 1144 1213 quaemineralia
1164 1138 1286 1193 vocant
1308 1139 1344 1194 et
1355 1141 1442 1197 strata

225 1239 384 1300 terrestris
405 1239 532 1302 corticis
547 1246 579 1301 et
592 1248 717 1302 montes
736 1248 768 1302 et
782 1239 842 1302 alia
858 1240 1040 1311 huiusmodi
1055 1238 1226 1302 constituta
1240 1247 1321 1303 snut
1342 1259 1351 1318 ;
1367 1250 1441 1305 certo

222 1365 281 1411 sex
295 1353 476 1409 nostrorum
493 1345 616 1409 dierum
635 1348 788 1428 hocopus
805 1366 867 1411 non
881 1348 1011 1425 leit,sed
1027 1348 1180 1427 temporis
1200 1345 1302 1424 louge
1324 1349 1439 1417 dintur-

224 1453 333 1529 nioris,
348 1470 411 1535 qno
429 1459 570 1532 tempore
584 1454 654 1516 Filii
668 1453 733 1530 Dei,
752 1471 866 1535 nempe
882 1457 1043 1533 angelicae
1055 1453 1298 1534 intelligentiae,
1315 1456 1440 1521 Creato-

222 1577 291 1623 rem
304 1559 469 1623 laudantes
481 1559 847 1640 iubilabant,etmiribca
859 1562 945 1625 lilius
959 1579 1054 1642 opera
1067 1571 1099 1622 et
1110 1563 1350 1627 concreatasab
1360 1564 1441 1633 eota·

222 1687 278 1747 ges
289 1669 545 1749 sapientissimas,
556 1670 861 1734 acsoecnndissimas
871 1669 1170 1734 adrnirabantur.llt
1181 1670 1277 1733 huius
1292 1672 1441 1754 temporis

223 1779 425 1842 intervallum
440 1787 594 1859 quantum
606 1778 700 1842 fuerit
713 1781 922 1843 determinare
939 1799 1002 1844 non
1019 1778 1361 1859 pessumdaretur
1381 1800 1440 1846 cer

226 1893 260 1947 te
275 1885 358 1949 Deus
381 1886 417 1947 ils
438 1887 515 1966 ipsis
528 1885 651 1964 legibus
666 1887 783 1966 quibus
799 1889 971 1951 etiamnum
994 1896 1126 1950 naturae
1140 1905 1272 1951 cursum
1292 1891 1440 1954 modera-

223 1998 277 2055 tur
291 2001 323 2057 et
343 1994 442 2075 regit,
458 2015 521 2060 non
537 1995 632 2064 modo
647 2012 779 2075 corpora
796 1996 941 2058 universa
955 2003 1177 2072 coagmentare
1191 2043 1199 2074 ,
1213 1998 1273 2061 sed
1295 2008 1332 2063 et
1347 2007 1440 2063 almo·

224 2101 391 2181 sphaeram
405 2121 422 2165 a
435 2105 581 2169 crassiori
596 2104 727 2175 materia
741 2121 923 2180 secernere,
937 2111 969 2166 et
983 2121 1120 2185 peream
1133 2106 1319 2185 superiores
1336 2125 1439 2191 aquas,

222 2210 245 2275 i.
264 2231 296 2274 e.
312 2213 412 2276 nubes
430 2263 436 2295 ,
452 2234 469 2276 a
487 2214 686 2278 terrestribus
700 2213 788 2295 aquis
804 2231 961 2294 separare,
974 2222 1005 2276 et
1021 2214 1076 2281 has
1091 2214 1121 2276 in
1135 2232 1236 2287 unum
1252 2215 1366 2281 locum
1380 2221 1439 2281 sire

223 2322 257 2384 in
274 2324 366 2404 plura
381 2341 586 2402 congregare,
602 2325 707 2405 potnit
721 2324 842 2386 semina
857 2325 904 2386 vel
930 2325 1087 2387 minutula
1103 2324 1242 2401 germina
1258 2327 1292 2388 in
1314 2329 1439 2402 arborea

170 2485 173 2490 .
224 2431 430 2511 amplificare,
446 2441 540 2512 atque
555 2440 640 2494 astra
651 2433 737 2495 Coeli
753 2434 859 2497 telluri
871 2440 997 2495 nostrae
1010 2433 1176 2514 perspicua
1191 2433 1340 2505 reddere.
1368 2437 1439 2501 Iam·

222 2556 298 2603 vero
313 2540 339 2603 si
357 2541 440 2602 Dens
463 2540 569 2619 legum
585 2557 714 2604 suarum
737 2541 910 2604 ministerio
927 2560 1003 2605 usus
1024 2560 1087 2607 non
1108 2551 1179 2620 est,
1205 2543 1365 2615 dicendus
1387 2549 1439 2611 erit

222 2648 328 2711 omnia
341 2650 520 2712 immediate
541 2648 723 2729 perfecisse,
745 2659 777 2713 at
800 2650 1004 2713 nihilominus
1025 2651 1154 2714 humani
1174 2655 1276 2715 instar
1296 2654 1439 2734 opificis,

222 2758 344 2836 pluries
359 2758 446 2837 operi
460 2758 586 2822 admota
608 2777 701 2823 mann
720 2761 769 2841 (v.
786 2761 802 2839 ξ
817 2762 836 2822 o
852 2777 951 2840 prope
964 2759 1017 2822 fin.
1033 2758 1060 2840 );
1079 2759 1326 2841 imperfecteque
1353 2763 1438 2826 fecis·

222 2881 258 2927 se
284 2872 378 2946 atque
406 2859 539 2946 ἄμορφα,
565 2875 601 2930 ιιι
627 2875 698 2948 post
720 2870 813 2931 breve
839 2870 1059 2945 intervallum,
1087 2885 1148 2949 ope
1175 2884 1369 2947 magnorum
1385 2873 1437 2934 mi·

221 2972 415 3048 raculornm,
439 2991 475 3036 ea
497 2974 662 3056 perficeret
676 2984 769 3056 atque
783 2983 975 3053 exornaret3
997 2975 1082 3056 quod
1099 2976 1192 3055 plane
1216 2974 1333 3039 luisset
1355 2977 1441 3056 leges¹

226 3093 339 3140 omues
360 3096 439 3160 quas
454 3098 555 3162 nuper
567 3089 698 3145 naturae
713 3085 908 3162 imposuerat
923 3083 953 3145 in
976 3082 1045 3162 ipso
1058 3091 1189 3145 naturae
1203 3090 1319 3145 exortu
1342 3085 1441 3147 viola·

201 3226 203 3230 ι
223 3203 268 3248 re.
283 3187 348 3251 Nisi
370 3189 451 3252 sorte
472 3191 543 3271 quis
565 3195 744 3273 suspicetur
759 3193 836 3255 alias
849 3210 906 3271 pro
930 3209 967 3254 eo
984 3198 1126 3269 tempore
1141 3192 1240 3267 leges,
1256 3193 1351 3270 quasi
1360 3211 1437 3272 pro·

224 3284 379 3359 visorium
394 3299 554 3378 quoddam
578 3309 611 3362 nt
626 3319 710 3361 nunc
731 3301 841 3362 dicunt
864 3300 1058 3380 pudoratam,
1071 3307 1111 3378 ¹et
1132 3299 1221 3360 abiis
1242 3317 1325 3379 quae
1350 3319 1434 3364 nuno

224 3412 300 3464 sunt
316 3405 453 3466 diversas
466 3407 626 3469 suilecisse
641 3409 830 3484 Creatorem,
848 3428 926 3489 quas
940 3408 1024 3471 illico
1039 3414 1111 3487 post
1121 3406 1323 3471 efformatum
1336 3407 1441 3486 Adam,

224 3512 403 3591 abrogaret.
427 3513 508 3575 llaec
523 3516 626 3576 omnia
643 3532 700 3577 nec
717 3517 813 3580 ullam
829 3520 892 3579 veri
915 3517 1156 3599 similitudinem
1170 3532 1244 3596 prae
1257 3533 1291 3577 se
1315 3515 1433 3597 ferunt,

256 3866 271 3911 1
289 3863 389 3916 Marius
407 3864 506 3918 Victor.

253 3957 271 4006 2
289 3961 334 4009 Ait
352 3960 485 4012 Arnoldus
514 3959 605 4014 abbas
624 3961 708 4014 Vallis
731 3960 895 4028 Bonae-Spei
915 3959 967 4027 (De
991 3975 1067 4028 opere
1088 3975 1136 4016 aaa
1155 3964 1289 4034 dieram).
1309 3982 1325 4016 «
1343 3969 1437 4021 verum

221 4071 237 4102 «
258 4053 331 4106 illius
349 4054 429 4122 spatii
449 4057 682 4124 intercapedinem,
695 4073 774 4125 quam
787 4067 847 4112 ante
867 4066 1016 4126 temporum
1033 4060 1245 4116 vchssitndlnem
1262 4061 1436 4118 invisibiliter

222 4170 237 4204 a
258 4153 304 4206 Dei
322 4153 451 4221 sapientia
469 4153 552 4221 prima
569 4170 648 4223 opera
667 4156 845 4226 disponebat,
865 4157 974 4211 delinire
993 4157 1165 4215 temerarium
1184 4166 1234 4232 est,
1248 4160 1361 4220 maximo
1374 4175 1434 4218 cum

221 4243 238 4293 οἱ(
257 4251 397 4307 canorrlrar
415 4252 562 4319 scripturae
581 4251 613 4313 de
632 4253 680 4310 hoo
699 4254 770 4314 nibil
788 4264 856 4316 carte
876 4256 1043 4316 tradiderint.
