2970 5002
1267 304 1329 379 203

111 427 343 520 nominationes,
366 438 581 522 Principotut.
596 437 694 519 lgitur
716 439 793 503 dnm
816 437 1032 520 ait‚'Angelos
1055 441 1085 503 in
1103 441 1155 505 ilci
1177 445 1319 504 aeterni·

111 553 170 610 tate
192 547 290 612 laetos
313 555 346 610 et
364 555 439 623 ante
459 555 584 628 tempus
609 548 735 628 (nempe
754 552 829 609 ante
851 547 912 610 lroc
933 555 1078 612 nostrum
1101 557 1227 629 tempus
1243 566 1317 612 mu·

116 655 276 720 lotionibus
300 655 485 733 obnoxium,
518 655 604 736 quod
627 671 796 735 corporum
818 661 908 718 motu
929 655 1102 737 metimur),
1125 674 1188 719 nou
1212 664 1317 719 tamen

117 777 163 827 eoa
181 765 221 828 ab
244 771 375 828 aeterno
395 772 518 827 creatos
550 765 656 829 docet.
676 762 866 827 Ambrosius
890 768 905 820 1
926 765 956 826 in
978 764 1238 844 Hominemne,
1261 765 1316 829 ubi

118 866 254 937 Basiliam
277 874 368 954 ecqui
390 871 483 952 solet,
506 883 537 934 et
557 888 797 953 nonnumquam
821 872 860 935 ad
881 872 1014 935 verbum
1030 874 1132 935 vertit:
1158 893 1174 930 u
1190 873 1316 951 Angeli,
1435 914 1438 921 ,

119 981 260 1064 aiuquit,
285 982 522 1048 Hominatioucs
544 989 576 1045 et
596 983 783 1063 Potestatea‚
806 983 867 1046 etsi
887 982 1056 1065 aliqnando
1077 989 1262 1064 conpensant,
1284 1001 1316 1044 e·

123 1099 217 1153 amnt
241 1098 345 1153 temen
368 1092 448 1172 ium,·
466 1092 594 1173 quando
615 1091 666 1153 lric
689 1092 830 1154 mundus
854 1069 954 1154 iactus
975 1099 1066 1154 cst».

149 1198 355 1282 Hieronymus
375 1201 416 1262 ad
434 1217 462 1263 c.
484 1199 509 1262 l.
531 1199 590 1280 Hp.
615 1200 655 1262 ad
678 1200 738 1264 Tit:
766 1200 856 1263 iSex
879 1200 966 1263 mille
988 1201 1124 1264 necdum
1151 1200 1251 1265 nostri
1267 1219 1318 1265 or-

120 1324 135 1367 a
156 1307 201 1372 bis
220 1309 395 1391 implentur
414 1309 510 1387 anni;
533 1318 565 1374 et
585 1319 719 1392 quantas
738 1310 826 1390 prius
846 1309 1069 1384 aeternitates,
1092 1319 1210 1389 quanta
1233 1319 1316 1372 tem·

112 1428 130 1472 <t
152 1433 236 1497 pore,
261 1424 397 1499 quantas
411 1418 610 1482 saeculorum
624 1418 761 1497 origines
776 1417 875 1481 inisse
888 1416 1104 1480 arbitrandum
1117 1424 1178 1496 est,
1195 1420 1225 1478 in
1239 1418 1313 1499 qui-

111 1536 125 1580 s
149 1525 206 1588 bus
227 1525 352 1605 Angeli,
374 1511 502 1604 Turoni,
519 1525 757 1591 Dominetiones
790 1533 974 1605 ceteraeque
994 1523 1133 1587 Virtutes
1154 1525 1324 1588 servierint

111 1643 123 1687 ἰ(
143 1633 217 1709 lieo,
235 1641 268 1696 et
276 1633 397 1712 absque
410 1641 591 1714 temporum
606 1634 727 1696 vicibus
740 1640 835 1714 atque
849 1631 1005 1694 mensuris
1021 1630 1085 1695 lieo
1099 1632 1226 1694 iubente
1241 1633 1321 1694 sub-

111 1757 123 1813 i
147 1743 286 1809 stiterint
299 1743 333 1804 n?
353 1743 436 1806 Haec
456 1744 606 1806 dicuntur
626 1743 792 1806 occasione
823 1743 996 1804 verborum
1017 1742 1105 1804 Pauli
1127 1742 1226 1823 (v.2):
1250 1742 1316 1806 «ln

111 1865 123 1906 ι
146 1867 237 1932 spem
256 1852 340 1913 vitae
360 1859 517 1922 aeterum,
532 1868 629 1931 quam
651 1849 796 1931 promisit
816 1851 872 1931 qui
892 1866 957 1912 non
979 1851 1130 1913 mentitur
1142 1851 1237 1926 Deus,
1253 1859 1327 1912 ente

111 1973 125 2020 a
140 1967 281 2040 temporo
294 1958 472 2023 saecularia
484 1980 513 2021 r.
525 1958 734 2040 Hieronymus
745 1966 777 2021 et
789 1958 984 2037 Augustinus
999 1962 1017 2014 2
1032 1960 1142 2038 legunt
1155 1968 1227 2023 ante
1244 1967 1327 2024 tem-

111 2086 194 2147 poro
207 2075 357 2158 osterna
378 2068 512 2149 ideoque
532 2067 743 2149 Hieronymus
765 2068 958 2132 locutionem
979 2069 1084 2145 illam,
1109 2077 1243 2150 quantos
1265 2087 1321 2132 oe·

111 2177 284 2242 ternilotes
306 2177 367 2241 hoc
389 2176 460 2240 loco
481 2186 624 2257 usurpat.
646 2176 763 2238 Verum
785 2176 861 2237 haec
883 2183 1021 2255 tempora
1035 2183 1166 2239 aeterno
1180 2195 1239 2238 non
1253 2179 1322 2256 tirc-

111 2293 199 2348 rent·
214 2285 273 2351 Deo
292 2292 467 2361 coaeterna,
494 2292 531 2348 ut
550 2285 594 2346 eit
613 2283 834 2363 Augustinus,
856 2284 910 2364 qui
930 2283 1007 2344 alibi
1027 2285 1136 2345 scribit
1153 2281 1169 2359 3
1190 2291 1323 2348 aeterno

118 2409 137 2458 e
161 2395 257 2459 Paulo
276 2396 340 2458 diei
361 2402 510 2476 temporo,
525 2412 603 2476 quae
626 2402 698 2457 onte
719 2410 752 2456 sc
772 2412 834 2456 non
855 2392 966 2456 iubent
981 2393 1082 2456 cilium
1098 2402 1228 2475 tempus.
1245 2395 1324 2456 Ver-

112 2506 156 2568 Ha
178 2505 324 2586 Apostoli
347 2503 426 2587 (hic
446 2513 478 2566 et
500 2505 593 2569 Hom.
616 2523 690 2585 xva,
712 2505 774 2587 25)
810 2505 913 2570 omnia
934 2505 1135 2568 solummodo
1159 2505 1328 2586 praeterita

110 2623 256 2696 tempora
270 2615 446 2694 significare
460 2615 617 2680 videntur.
631 2616 776 2679 Ceterum
786 2616 994 2696 Hieronymus
1009 2617 1129 2696 optime
1143 2617 1328 2695 norat,Scri·

111 2731 224 2804 pluras
239 2724 358 2786 docere·
374 2740 473 2785 unum
488 2724 667 2787 Creatorem
680 2725 907 2805 sempiternum
923 2742 1003 2802 csse,
1027 2741 1084 2785 nec
1104 2724 1323 2786 aeternitatem

111 2830 273 2894 tribuebat
285 2831 425 2911 Angelis,
447 2832 501 2912 qui
516 2833 626 2896 eodem
643 2833 674 2894 in
697 2832 767 2896 loco
789 2834 893 2912 docet,
910 2832 1038 2910 Angelis
1060 2839 1183 2895 tantum
1197 2851 1241 2896 en
1266 2832 1332 2896 lar·

111 2941 227 3021 pitione
250 2941 307 3004 Dei
330 2941 438 3006 datum
456 2941 558 3022 fuisse
578 2943 858 3006 immortalitatem.
882 2951 885 2955 ’

149 3049 311 3115 uxxxut.
335 3050 540 3123 Quandonam
551 3051 646 3129 igitur
658 3050 770 3129 Angeli
785 3050 882 3113 creati
897 3052 987 3114 sunt?
1000 3053 1049 3114 An
1069 3069 1130 3115 une
1144 3068 1218 3115 cnm
1233 3069 1331 3116 mun-

111 3160 154 3224 do
173 3161 358 3241 corporeo?
381 3160 432 3223 An
456 3168 621 3224 vernante
643 3162 729 3222 hunc
750 3161 976 3239 aspectabilem
1006 3162 1184 3239 mundum,
1214 3170 1250 3224 ut
1272 3163 1332 3224 do-

113 3279 221 3332 centes
243 3268 379 3332 vidimus
399 3268 521 3349 aliquot
543 3267 701 3330 Ecclesiae
722 3269 859 3330 Patres‘t
885 3266 975 3330 Circo
1006 3268 1061 3331 ltoc
1090 3270 1250 3330 invenitur
1274 3269 1331 3332 dn·

111 3379 190 3459 piem
210 3385 392 3464 sanctorum
411 3379 579 3457 sententio,
594 3379 638 3439 ait
661 3395 688 3440 s.
710 3377 861 3440 Thomas:
885 3394 922 3439 ac
935 3377 1121 3458 perantiqua
1136 3378 1213 3439 haec
1232 3387 1264 3442 et
1279 3398 1331 3441 cc·

114 3489 211 3551 labris
232 3490 374 3568 queastio
396 3497 454 3551 cst.
478 3488 742 3551 Communissima
756 3496 867 3549 ‘tamen
883 3487 1115 3567 Theologorum
1140 3495 1235 3566 tenet,
1252 3491 1332 3570 quon

114 3595 225 3676 Angeli
237 3593 333 3659 simul
350 3614 420 3658 cnm
433 3604 581 3659 creature
592 3612 740 3677 corporeo
751 3602 824 3658 sunt
838 3596 948 3658 crecti.

150 3705 238 3767 Circe
261 3705 343 3768 hane
365 3705 610 3768 controversiam
633 3704 704 3766 dico
725 3703 768 3764 1.·
790 3704 927 3765 naturali
953 3703 1076 3766 ratione
1094 3710 1240 3766 neutram
1257 3720 1330 3781 par-

115 3816 178 3877 tem
193 3816 404 3901 demonstrari
420 3831 514 3894 posse
529 3835 535 3876 :
560 3831 634 3878 cunr
658 3829 722 3877 uon
737 3829 777 3875 ex
798 3820 910 3876 nature
934 3828 1064 3891 rerum,
1086 3810 1217 3892 Vesquii
1229 3813 1333 3874 laer„

151 3983 349 4037 ihus&

150 4081 169 4133 a
186 4083 225 4133 ne
242 4085 296 4135 cio.
314 4083 368 4136 Dee·
384 4085 467 4138 nnn.
485 4081 599 4136 Easdem
611 4095 723 4150 graecas
741 4093 818 4138 voees
831 4103 928 4156 meren
940 4103 1032 4144 ereren
1048 4079 1126 4150 linig·
1142 4079 1222 4139 vectii
1239 4086 1338 4148 limitt-

116 4177 189 4231 rilus
206 4180 335 4233 oeternis.
352 4181 432 4233 Rom.
451 4195 506 4246 xri,
524 4181 570 4236 Hi.

152 4275 170 4326 3
188 4274 249 4327 Lib.
268 4282 364 4328 eontra
381 4276 552 4336 Priscillion.
571 4296 594 4334 c.
616 4281 642 4334 o.

151 4375 248 4428 Aloe.
266 4375 313 4429 cit.
332 4387 356 4428 e.
375 4375 402 4428 s.
