2970 5002
167 401 399 468 Sublimitatam
420 405 520 471 huius,
538 403 714 469 locutionis:
739 404 808 466 Flet
824 403 893 479 litae,
912 411 942 465 et
957 404 1103 484 fecteast
1127 407 1187 473 lnce
1209 410 1348 473 admira,

127 509 228 574 batur
250 513 396 577 ethnicus
419 514 474 576 ille
498 518 633 596 scriptor
653 515 734 587 aeris
751 519 858 579 iudicii
878 515 940 573 1in
964 516 1151 579 [truaconem
1174 519 1363 598 legislatore·

132 620 235 681 diuini
257 621 403 684 Numinis
420 625 593 703 potentiam
610 641 670 703 pro
691 624 844 704 dignitate
868 621 1059 684 declarante.
1075 623 1185 689 Nonne
1207 629 1306 702 magis
1320 630 1353 689 in

126 724 225 788 iliosis
248 743 396 797 sermone
427 730 619 794 admirabilis
641 742 690 795 est
710 731 863 811 sapientia
887 730 940 790 illa
962 746 1023 808 qua
1046 735 1152 808 paucis
1174 735 1276 793 verbis
1298 734 1353 795 de·

129 833 228 897 clarat
249 833 280 893 id
302 837 387 924 quod
420 839 545 907 tandem
569 849 641 919 post
662 846 709 902 tot
731 838 855 901 saecula
875 837 966 898 nobis
987 839 1115 901 scientia
1138 842 1269 902 revolat?

171 949 239 1011 Vox
259 930 341 1029 'l‘lN
364 947 465 1032 (luxi
488 948 568 1009 bene
584 946 674 1007 reddi
695 948 894 1026 possetipnis
912 945 939 1009 2:
965 965 1038 1010 nam
1064 949 1153 1011 radix
1175 967 1305 1027 manens
1321 955 1352 1015 in

128 1059 241 1136 lingua
261 1061 396 1130 arabica,
413 1060 638 1136 interpretatur
658 1053 877 1134 inflammavit,
899 1059 992 1121 assit.
1007 1058 1070 1120 Nec
1086 1076 1165 1120 nova
1186 1067 1234 1120 est
1249 1061 1348 1122 inter·

129 1167 265 1246 pretatio
289 1167 376 1227 baec.
392 1167 561 1242 Gregorius
584 1163 734 1232 Nisseous
749 1165 883 1243 primam
898 1167 984 1226 iilam
1008 1153 1121 1228 lncem'
1134 1169 1254 1245 putavit
1269 1168 1349 1230 luis-

128 1291 164 1336 se
186 1274 292 1352 ignem
313 1271 372 1353 qui
389 1290 431 1334 ex
452 1271 579 1334 informi
599 1280 631 1334 et
656 1272 786 1344 oculosa
800 1272 897 1349 mole,
913 1273 966 1334 Dei
980 1281 1058 1335 nutu
1079 1282 1112 1334 et
1134 1274 1348 1353 imperiosu-

127 1383 200 1445 bito
224 1379 343 1460 prodiit
362 1388 395 1445 et
415 1381 581 1461 repentino
601 1379 721 1443 lumine
741 1379 843 1441 omnio
864 1381 1069 1444 collustravit.
1086 1381 1188 1446 Etiam
1208 1384 1347 1446 Severia-

131 1508 195 1553 nus
217 1478 420 1553 Gabalitanus
443 1487 504 1551 3et
516 1507 542 1552 a.
556 1488 641 1553 loan.
657 1489 871 1561 Danaaseeous
892 1489 997 1551 lucem
1013 1491 1110 1565 illam,
1127 1491 1231 1569 ignem
1255 1493 1351 1555 luisse

132 1597 351 1660 crediderunt.
385 1597 439 1659 His
459 1597 541 1659 adde
560 1597 645 1676 quod
669 1596 744 1658 Luc.
766 1598 846 1678 xiv,
862 1603 916 1673 aas
937 1597 1038 1681 (luxi
1061 1599 1161 1677 ignem
1184 1599 1350 1675 significat,

133 1711 167 1765 et
182 1704 301 1784 optime
325 1703 449 1782 vulgata
463 1704 577 1765 reddit:
602 1723 620 1764 «
644 1703 865 1768 Sedebatcum
880 1707 1032 1768 ministris
1054 1705 1093 1766 ad
1108 1704 1219 1784 ipnena
1243 1726 1257 1759 a
1284 1705 1350 1775 iles

132 1829 207 1874 vera
227 1813 323 1891 vulgo
345 1812 424 1888 ignis
447 1812 572 1873 nomine
594 1811 797 1889 intelligimus
822 1832 888 1875 ram
905 1815 935 1875 in
950 1821 1035 1876 statu
1056 1812 1287 1876 combustionis
1302 1812 1350 1877 lu·

131 1921 274 1984 minosae
295 1922 346 1983 vel
367 1921 408 1983 ob
430 1921 604 1986 maximum
625 1922 763 1984 calorem
784 1923 927 1999 ignitam.
1151 1986 1154 1991 ,
1329 1983 1333 1991 ,
1421 1907 1423 1910 ’

173 2030 495 2092 Animadvertendum
517 2037 576 2107 est,
597 2029 705 2111 Mosen
728 2047 792 2092 non
814 2013 937 2107 dicere,
959 2032 1066 2102 lucem
1087 2031 1169 2091 bane
1191 2030 1286 2092 luisse
1310 2031 1343 2100 in

129 2139 239 2214 coelis,
262 2139 348 2218 quod
371 2138 481 2199 scribit
501 2154 548 2198 vv.
566 2138 613 2212 ll,
635 2139 686 2215 15,
703 2139 741 2199 17
769 2140 808 2198 de
832 2139 898 2201 sole
912 2146 945 2200 et
958 2119 1061 2216 astris,
1085 2139 1346 2214 sed-generatim,

130 2247 262 2308 iubente
283 2244 360 2317 Dee,
383 2247 485 2305 lucem
502 2243 608 2327 luisse.
622 2244 757 2306 Putabat
783 2244 926 2308 petavius
949 2245 983 2306 ia
1007 2244 1190 2315 uastissima
1213 2245 1277 2323 gillo
1294 2262 1352 2307 ne·

128 2354 206 2416 bula
221 2360 250 2415 et
262 2369 390 2438 vapore,
413 2368 505 2433 quam
525 2369 639 2433 aquam
658 2360 689 2415 et
703 2351 850 2432 abyssum
862 2354 1025 2434 scripture
1038 2335 1191 2428 operteat„
1203 2354 1285 2420 banc
1299 2354 1352 2418 lu.-

127 2479 201 2523 eem
232 2459 439 2540 adparuisse,
474 2461 560 2541 quod
581 2459 659 2523 lulio
694 2459 842 2537 Africano
876 2469 909 2523 et
929 2461 1031 2524 Bedae
1051 2461 1208 2542 placuisse
1230 2461 1359 2525 scribit.-

129 2572 250 2632 Verum
274 2585 332 2632 nec
345 2585 424 2649 *eam
439 2553 659 2652 tantummodo
672 2567 702 2630 in
720 2567 831 2631 tellure
851 2574 905 2632 aut
919 2587 1015 2657 supra
1029 2568 1140 2653 faciem
1163 2576 1265 2630 terrae
1279 2570 1344 2637 liloz

131 2696 184 2741 ses
206 2677 307 2759 ponit,
330 2675 385 2738 sed
408 2673 571 2737 indefinita
593 2675 751 2741 locutione
786 2683 888 2747 utens.
914 2693 971 2738 nos
994 2694 1056 2738 non
1080 2677 1225 2756 probibet
1261 2693 1345 2755 quo-.

129 2787 237 2849 minus
266 2784 448 2848 incendium
470 2783 563 2863 longa
586 2783 700 2863 maius,
721 2784 769 2845 vel
790 2786 886 2849 etiam
908 2785 1116 2849 universalem
1130 2783 1349 2861 conflagratio*

130 2909 207 2958 uem
236 2893 485 2956 mentianostrae
519 2871 801 2971 repraesentemus,
824 2909 919 2975 quam
941 2898 973 2954 et
992 2893 1153 2969 analogiae
1179 2909 1348 2968 argumen-

133 3009 206 3064 tum
227 2999 423 3082 probabiiem
444 2998 545 3061 facere
566 3000 699 3062 videtur.
712 2999 787 3084 ‚Nos
809 3007 912 3063 tamen
931 3000 971 3064 de
995 3000 1109 3063 tellure
1130 3005 1254 3062 tantum
1276 2999 1347 3076 agi-

129 3127 215 3176 mus.
239 3109 385 3172 Ceterum
407 3109 510 3185 imago
527 3107 587 3189 illa
601 3108 645 3168 nil
661 3109 749 3169 triste
771 3113 997 3189 repraesentat,
1019 3107 1074 3191 sed
1099 3108 1213 3196 pptius
1226 3108 1348 3182 magni-

130 3219 230 3283 ficum
250 3216 422 3298 quoddam,
444 3233 503 3278 nee
524 3215 658 3277 laetitiae
679 3217 784 3278 minus
805 3232 901 3296 quam
928 3214 1099 3295 maiestatis
1122 3211 1252 3293 plenum
1274 3229 1350 3290 spe-

130 3327 305 3412 ctaculum.
323 3325 481 3389 innocens
496 3325 584 3392 ‚enim
606 3323 877 3387 incendiumillud
890 3330 969 3400 erat,
993 3320 1079 3405 quod
1100 3338 1164 3381 non
1186 3320 1280 3381 modo
1304 3321 1350 3382 nii

129 3438 241 3502 damni
260 3435 422 3517 afferebat,
443 3436 500 3517 sed
522 3442 554 3496 et
575 3450 690 3514 aquam
713 3433 827 3519 atalia
851 3432 965 3496 futuris
979 3430 1155 3512 viventibus
1177 3429 1268 3491 utilia
1290 3438 1347 3493 aut

132 3521 554 3624 necessariapro'gignebat.
685 3620 691 3627 ¹
769 3620 772 3625 ι
951 3620 954 3626 Α
1181 3527 1184 3533 ’
1391 3612 1393 3616 ,

171 3654 238 3734 Ait,
271 3671 330 3717 nec
350 3629 458 3731 semol,
482 3640 673 3735 aiipbrem
687 3652 714 3731 ⁴,
737 3631 877 3731 potuisse
897 3650 998 3715 Deum
1021 3650 1136 3732 stirpes
1158 3667 1222 3713 non
1244 3647 1350 3715 solum

166 3954 182 4002 1
202 3927 306 4003 ductor
320 3946 386 4002 libri
402 3948 443 3999 De
462 3944 572 3999 sublimi
587 3942 856 4012 praecantationis,
876 3942 922 4009 q'ui
940 3941 1051 4007 Longini
1069 3936 1173 3990 nomina
1201 3906 1352 3990 circumlal·

127 4044 326 4102 tur.Sect.7.
706 4033 719 4081 -’
944 4049 948 4055 ·
1041 4030 1043 4034 ’
1160 4039 1209 4055 ’·
1329 4030 1333 4043 ’

167 4128 280 4208 sil&
300 4142 393 4208 ignis,
411 4139 494 4192 locus.
514 4137 605 4191 Erech.
625 4142 656 4191 v.
676 4140 704 4190 2.

165 4246 183 4293 3
203 4245 283 4294 Hom.
305 4245 325 4292 i.
345 4246 371 4291 et
388 4240 432 4290 Ν.
447 4236 479 4287 de
496 4234 592 4287 mundi
611 4234 681 4300 opis,
785 4304 791 4314 .

166 4337 508 4393 diaconatum
