2984 5004
76 438 486 527 procidentesque
504 449 608 510 temen
629 447 721 527 plura
743 454 783 510 etr
805 446 897 513 dictis
918 445 1092 515 concedere
1114 460 1178 517 hou
1200 458 1248 518 si··

32 569 127 633 nunt,
144 557 249 622 omnia
279 563 488 629 terrenorum,
506 569 588 635 quae
603 556 753 620 tertiario
769 559 982 638 appellentur,
999 561 1119 624 lossilia
1135 563 1249 627 diluvii

32 668 150 733 notitici
172 664 322 746 reliquias
336 680 418 738 esse,
434 674 498 726 nou
519 664 594 742 inde
606 674 793 745 sequeretur
807 667 925 746 pariter
944 668 996 730 illi
1007 670 1176 734 tribuenda
1190 689 1248 732 an·

31 777 168 858 tiquiora
184 783 281 836 strata
302 771 478 846 fossiliiera,
493 772 569 852 quin
585 773 691 853 potius
713 775 860 854 opposite
882 775 1021 853 legitime
1042 778 1249 841 descenderet

33 885 208 949 conclusio.
232 883 369 946 Revera:
386 896 491 943 noune
511 881 614 961 prodit
628 881 784 946 diversam
805 883 960 962 originem
981 875 1148 949 diversitus
1168 887 1249 949 effe-

32 1003 156 1068 ctuum,
173 1001 303 1054 naturus
318 989 448 1063 scilicet,
464 989 591 1051 duritiei
614 997 646 1050 et
670 991 882 1055 inclinationIs
897 1001 1084 1073 stratorum,
1101 1013 1159 1058 nec
1181 1012 1249 1058 nou

32 1105 156 1168 diversa
171 1101 259 1180 copia
274 1106 307 1161 et
320 1105 433 1160 nature
454 1095 609 1159 iussllium
638 1109 720 1178 quoe
736 1102 766 1161 in
783 1102 929 1163 tertiariis
944 1106 1088 1183 terrenis,
1113 1110 1145 1166 et
1158 1121 1248 1184 prae·

31 1212 142 1274 sertim
157 1212 188 1272 iu
211 1206 451 1280 recentioribus,
467 1204 620 1268 similiora
645 1206 807 1270 hodiernis
828 1208 1005 1272 viventibus
1021 1212 1250 1291 reperiunturt
1296 1270 1298 1274 ,

33 1320 64 1383 si
78 1317 201 1399 epocha
213 1332 276 1379 uun
290 1313 349 1378 fuit
376 1331 501 1394 unaque
515 1313 605 1391 origo
622 1323 819 1378 terrenorum
832 1319 977 1379 omnium
992 1318 1245 1395 fossililcrorum,

35 1442 90 1490 cur
102 1443 184 1508 quse
197 1425 375 1506 untiquiura
385 1432 579 1503 sunt,paucs
591 1423 711 1488 fossilia
722 1425 896 1504 continent,
905 1425 1069 1492 abundent
1092 1444 1166 1492 vero
1179 1447 1248 1492 me·

36 1535 120 1598 tallis
135 1548 227 1614 quae,
243 1531 286 1593 itu
298 1529 449 1593 deliciunt
465 1535 495 1594 in
512 1533 631 1606 stratis,
646 1534 694 1595 uti
707 1532 785 1594 htec
798 1532 973 1596 recentiora
988 1536 1078 1597 sunt?
1092 1535 1155 1598 Gur
1165 1553 1249 1616 quae

34 1645 136 1724 magis
157 1641 319 1706 fossilibus
343 1647 530 1717 scatentes
551 1658 610 1703 nec
624 1641 761 1704 multum
784 1642 901 1704 elevari
927 1659 985 1703 nec
1000 1643 1143 1705 vuldeub
1159 1644 1249 1707 hori-

34 1751 150 1816 zontali
174 1750 346 1812 directione
369 1748 494 1810 differre
507 1748 637 1811 solenti
658 1747 722 1810 Cur
735 1748 821 1811 hisce
845 1749 898 1811 illa
920 1767 1046 1829 semper
1060 1751 1247 1833 subposita,

31 1874 204 1941 numquam
220 1874 295 1920 veru
309 1858 555 1937 superimposita
579 1857 749 1919 videmus?
769 1857 833 1920 Gur
857 1858 887 1919 in
911 1858 960 1919 his
975 1860 1098 1920 marina
1112 1876 1249 1940 corpore

31 1968 145 2032 melius
160 1972 342 2028 conservata
356 1964 525 2040 cernimus,
543 1970 575 2025 et
590 1963 779 2043 plerumque
800 1964 902 2044 ipsum
917 1982 1028 2028 eorum
1044 1972 1157 2028 testam
1180 1985 1247 2030 non

31 2076 247 2158 putrefactam,
266 2091 329 2136 nou
346 2090 420 2136 vero
441 2073 488 2132 vel
513 2088 613 2134 unum
633 2071 762 2134 illorum
779 2075 929 2136 nucleum
946 2073 1108 2153 lapideum
1123 2083 1178 2137 sut
1200 2084 1250 2155 ty·

30 2185 213 2266 ootyrnumr
234 2182 297 2244 Cur
318 2181 521 2243 solummodo
543 2181 576 2240 iu
597 2180 826 2243 recentioribus
848 2182 1027 2242 mammetis
1050 2183 1252 2262 reliquerunt.

28 2294 157 2358 exuvias
171 2293 187 2351 ‘i
199 2289 319 2363 Quibus
330 2286 631 2363 interrogationibus
643 2302 719 2347 seue
734 2287 818 2348 haud
834 2286 876 2349 itu
891 2286 981 2349 fusile
995 2290 1178 2368 responderi
1190 2308 1249 2370 po·

31 2411 92 2466 test
108 2402 149 2462 ab
164 2401 212 2461 his
227 2400 281 2478 qui
295 2395 497 2476 hypothesim
511 2393 598 2455 illam
611 2393 802 2457 diluvionem
819 2402 958 2458 tuentur.
1054 2431 1057 2436 -

69 2510 221 2571 Attamen
235 2507 311 2567 dum
327 2518 491 2580 negemus,
507 2508 632 2563 terrena
646 2500 754 2562 omnia
776 2500 944 2565 fos-silifcra
970 2503 1090 2567 dilutio
1106 2522 1175 2569 esse
1186 2508 1245 2570 ad-

32 2614 224 2693 scribenda,
250 2629 313 2675 uon
336 2608 514 2672 inficiamur
543 2609 688 2690 profecto
708 2608 794 2672 illius
817 2610 983 2672 certissimi
1010 2619 1142 2674 eventus
1163 2618 1249 2676 veri-

31 2735 127 2789 tatem
137 2725 232 2785 etium
246 2719 436 2783 naturalium
448 2718 650 2781 scientiarum
663 2717 843 2781 testimonio
857 2717 1048 2793 confirmari,
1065 2737 1160 2801 quum
1176 2738 1250 2802 pro·

33 2832 333 2899 ianaconlirmatsm
359 2828 527 2907 traditione
547 2827 655 2889 nullus
676 2826 802 2888 dubitat
822 2826 959 2905 sepiens.
987 2827 1104 2892 Verum
1125 2830 1165 2892 de
1186 2833 1248 2894 hoc

32 2945 92 3010 alio
106 2954 250 3023 tempore
270 2940 375 3004 dicere
392 2955 442 3002 me
456 2952 550 3018 posse
564 2935 681 3014 aliquid
693 2934 827 2998 confido.
841 2935 924 2997 Haec
937 2952 1017 3016 quae
1029 2939 1247 3017 exposuimus,

33 3054 154 3136 siquid
176 3053 292 3129 video,
314 3034 530 3112 sufficiunt·ad
552 3061 607 3109 eos
631 3044 823 3107 refellendos
853 3048 907 3126 qui
931 3052 1054 3108 terrens
1078 3046 1248 3109 lossilileru

32 3163 137 3224 omnia
159 3160 330 3241 repetendo
353 3161 501 3236 putarent
515 3172 532 3214 a
545 3151 625 3214 mari
639 3152 756 3214 multas
772 3151 916 3229 regiones
938 3152 986 3213 rel
1000 3152 1111 3214 eodem
1127 3158 1249 3230 tempo·

31 3287 65 3333 rs
84 3268 134 3330 rel
157 3266 335 3330 successive
354 3268 531 3342 occupante
558 3260 591 3320 in
603 3274 640 3319 ea
652 3274 808 3320 annorum
823 3258 1056 3338 intercapedine
1070 3275 1152 3338 quae
1167 3259 1249 3321 inter

28 3379 115 3441 Adae
135 3371 325 3441 creationem
347 3380 379 3435 et
400 3369 566 3434 no‘e‘ticum.
579 3366 735 3430 diluvium
749 3366 932 3447 interposita
953 3372 1013 3442 est;
1029 3377 1110 3447 quae
1133 3367 1248 3429 Gordi-

27 3487 60 3556 lii
76 3489 94 3539 ²
110 3497 141 3552 et
160 3489 297 3554 eliorum
319 3483 426 3564 opinio
447 3480 516 3541 luit.
540 3475 630 3552 Quod
650 3476 779 3558 quidem
800 3477 840 3539 de
860 3475 1050 3558 quibusdam
1065 3476 1250 3541 recentiori·

30 3656 209 3716 divisionibus
227 3662 393 3715 stratorum,
412 3662 498 3719 neque
515 3659 576 3702 cum
595 3645 719 3703 seriebus
736 3644 936 3714 multiplicibus
955 3652 982 3703 et
1000 3645 1169 3712 regularibus
1186 3646 1248 3698 reli·

29 3757 154 3825 quiscum
169 3751 329 3806 animalium
347 3755 374 3802 et
394 3741 555 3812 verentium
574 3755 642 3810 quus
660 3742 796 3796 continent
815 3748 945 3809 ecquae,
965 3755 996 3793 eo
1014 3740 1100 3806 uirgis
1120 3737 1248 3793 differunt

27 3851 200 3923 uspeclebus
217 3847 297 3903 modo
314 3843 513 3908 existentibus,
532 3853 585 3910 quo
603 3841 689 3895 ursior
707 3847 748 3895 est
766 3846 913 3895 stratorum
930 3853 945 3894 e
962 3838 1060 3906 quibus
1075 3835 1246 3900 effodiuntur,

27 3948 205 4016 portunitas.
223 3943 363 4009 (crotone
380 3939 437 3993 auat
454 3938 625 4006 Mincrotopy
642 3941 674 3991 v.
695 3938 721 3990 1.
740 3948 801 4003 pag.
821 3934 885 3998 to.)
1108 4019 1111 4024 ἢ

64 4051 80 4100 1
96 4048 160 4099 Luc.
178 4045 226 4098 ch.
244 4062 259 4094 u
279 4042 306 4094 si
325 4040 378 4107 pud
396 4050 550 4104 supporre,
568 4035 617 4088 che
635 4033 706 4087 uella
719 4033 882 4088 formatione
900 4029 972 4086 della
991 4037 1059 4083 terra
1086 4026 1104 4083 l'
1115 4041 1174 4083 asse
1193 4027 1251 4082 del·

31 4159 45 4190 a
64 4141 215 4208 l’ssquators
232 4137 306 4190 losse
324 4130 543 4205 perpendiculum
562 4129 588 4182 al
609 4131 688 4196 pleno
706 4131 768 4185 detl‘
779 4131 897 4201 eclitticu
911 4162 919 4187 .
934 4139 1009 4179 come
1027 4125 1114 4178 hanun
1139 4133 1248 4190 pensuto

32 4256 45 4286 c
65 4237 145 4292 molti
163 4235 272 4288 fitusosu
292 4250 306 4287 c
325 4235 372 4302 qui
391 4234 495 4292 insece
512 4229 539 4283 dl
559 4243 755 4297 supportetur
774 4227 864 4298 questi
881 4225 930 4277 cbo
954 4220 970 4274 l'
983 4235 1043 4301 asse
1060 4219 1126 4273 sissi
1145 4226 1247 4271 tuttoo
1301 4258 1309 4271 .

30 4351 42 4382 a
63 4347 99 4386 uu
121 4341 204 4390 truite
224 4331 363 4397 inclinato,
382 4344 455 4388 come
474 4329 488 4383 c
507 4333 740 4397 presentemur,
758 4338 811 4379 uon
829 4323 943 4397 ripugns
960 4320 1008 4377 che
1027 4317 1118 4386 uuella
1138 4315 1250 4388 incline·

399 4444 423 4484 ο
1046 4417 1066 4480 (t
