2970 5002
212 271 253 332 06

182 429 187 447 2
214 404 302 485 lecit:
323 403 419 468 Terra
433 409 502 466 erut
516 400 619 464 iacula
633 407 662 462 ct
676 414 776 463 cccco
790 400 854 461 etei
865 398 1041 472 Quamnam
1064 405 1181 463 maram
1194 398 1248 462 hic
1261 410 1431 477 memorat,

211 513 241 578 si
254 511 348 575 huius
363 509 468 572 adhuc
481 514 530 570 est
544 506 698 570 narranda
712 507 846 568 creatio?
860 506 989 586 quando
1010 523 1086 569 uero
1099 515 1168 571 erat
1182 519 1267 571 terra
1284 508 1397 572 inanis
1408 518 1435 572 et

212 619 329 683 uacua‘l
343 633 384 680 au
399 624 567 696 antequam
582 616 756 688 crearetur?
769 614 851 678 llaec
862 613 970 693 opinio
982 613 1116 678 fortasse
1127 615 1169 677 ab
1182 632 1223 680 eo
1237 624 1372 680 mutum
1384 619 1434 679 mi·

210 744 273 792 nus
284 726 421 790 absurde
436 724 563 789 defendi
577 731 681 805 puteat
708 725 764 803 qui
778 729 882 799 neget,
897 721 1005 785 Mosen
1019 722 1060 784 de
1073 741 1146 786 vera
1160 726 1331 788 creatione
1345 726 1436 786 verba

211 834 329 913 facere;
341 835 428 914 quod
442 839 474 896 et
488 831 556 896 eius
571 832 674 894 verbis
687 839 719 892 et
733 833 850 893 sanctis
859 830 917 893 PP.
927 837 1021 911 atque
1028 829 1187 894 Ecclesiae
1198 833 1437 912 interpretatio

214 944 247 1005 ui
260 951 294 1005 et
308 943 471 1007 doctrinae
485 943 680 1005 centrarium
690 946 785 1000 esset.
798 938 882 1002 Num
896 955 960 1000 non
973 946 1022 1001 est
1034 939 1119 1001 Deus
1131 939 1247 1008 muudi
1260 941 1438 1021 auctor,ni·

213 1051 242 1112 si
256 1050 303 1112 uti
317 1051 462 1131 sculptor
476 1050 615 1112 statuae?
628 1048 786 1110 Ettamen
799 1047 978 1127 quisdicat:
993 1046 1142 1126 sculptor
1153 1048 1196 1108 ita
1208 1054 1360 1110 statuam
1371 1046 1437 1109 iecit

217 1158 388 1238 Apollinis:
404 1133 680 1236 Statua-Apollinis
692 1156 863 1220 erat.rudis
877 1165 939 1232 etc;
956 1164 989 1216 et
1004 1171 1068 1218 uon
1081 1156 1200 1235 potius:
1210 1172 1365 1218 marmor
1376 1161 1436 1217 eret

197 1265 281 1352 [elci
301 1265 382 1330 Olim
394 1272 523 1328 truncus
535 1283 632 1340 erum,
649 1265 693 1325 ait
705 1263 757 1325 illa
769 1263 873 1344 Priapi
884 1270 987 1326 statua
998 1263 1084 1342 apud
1093 1262 1277 1326 Horatium.
1292 1264 1364 1328 Sat.
1382 1264 1438 1326 Vll.
1475 1264 1477 1329 ἓ

256 1373 433 1435 Dicendum
447 1379 496 1434 est
507 1374 616 1450 igitur,
628 1371 730 1433 Deum
744 1370 779 1431 iu
790 1369 923 1433 encardia
933 1371 1052 1450 mundi,
1069 1370 1103 1433 iu
1113 1371 1278 1451 principio
1293 1372 1438 1452 temporie

219 1486 320 1543 totam
334 1480 428 1541 simul
437 1495 561 1541 creasse
575 1479 740 1540 materiam
754 1495 793 1539 ex
802 1494 867 1556 qua
877 1486 988 1556 postea
998 1479 1122 1556 singula
1134 1487 1227 1541 erant
1239 1494 1385 1558 corpora
1396 1476 1437 1539 ci·

205 1589 391 1673 'formanda
411 1591 544 1653 «Primo
560 1592 654 1669 fecta,
677 1595 787 1669 postea
801 1590 979 1668 composita
994 1590 1194 1652 declarantur
1205 1608 1226 1650 a
1241 1590 1290 1652 ait
1304 1591 1435 1654 Ambra

212 1697 280 1788 sius
299 1703 326 1773 1;
342 1704 373 1759 et
387 1699 556 1776 Gregorius
570 1699 642 1762 ΜΛ
659 1717 678 1760 u
692 1697 811 1762 Rerum
824 1697 1111 1767 substantiasimul
1125 1707 1234 1762 creata
1246 1707 1314 1777 est,
1324 1700 1383 1762 sed
1396 1699 1434 1760 si·

214 1820 234 1868 u
248 1805 314 1868 mul
326 1806 449 1897 species
464 1808 600 1891 formata
614 1825 679 1869 non
695 1813 755 1879 est;
772 1815 803 1867 et
817 1807 904 1886 quod
919 1806 1015 1870 simul
1030 1809 1134 1870 extitit
1146 1825 1205 1888 per
1219 1809 1434 1873 substantiam

215 1929 235 1975 c
250 1915 413 1995 materiae,
430 1934 496 1982 non
510 1918 606 1983 simul
621 1914 769 1998 apparuit
783 1932 840 1995 per
850 1916 991 1995 speciem
1006 1917 1138 1981 formae.
1153 1935 1172 1978 a

375 2130 473 2211 thue
487 2129 584 2194 istum
597 2127 717 2208 faceret
731 2128 818 2192 dicer
831 2130 989 2210 rapientia
998 2131 1148 2194 muudum
1164 2181 1173 2208 ,

332 2237 450 2300 vuacta
463 2236 559 2300 timul
570 2237 676 2317 petiuit
691 2256 702 2314 ;
717 2238 773 2300 aed
782 2244 853 2319 post
864 2238 939 2301 laec
951 2224 1072 2302 remica
1083 2257 1193 2303 rerum
1216 2286 1219 2290 -

334 2343 469 2409 ornauit
480 2341 718 2423 superinductis
730 2343 885 2423 informia
899 2342 1023 2423 formis.
1056 2408 1060 2413 .

589 2447 592 2453 '
744 2452 846 2532 (liar.
862 2452 979 2515 Victor.
993 2454 1026 2517 L.
1042 2452 1182 2519 lecim
1197 2457 1233 2521 iu
1249 2458 1335 2524 Gen.
1354 2463 1365 2541 l
1475 2472 1477 2481 ·

253 2652 405 2729 Salomon
417 2662 624 2726 lien-lielech
636 2679 709 2726 cum
721 2664 791 2727 aliis
801 2666 903 2729 doctis
916 2665 1037 2728 ludaeis
1049 2666 1151 2745 prima
1162 2668 1218 2732 illa
1229 2675 1338 2739 verba
1348 2677 1432 2738 iuter·

212 2773 368 2853 pretende
386 2779 495 2834 censet
508 2792 515 2832 ι
530 2773 741 2853 Ιηρνιεοιριο
754 2774 875 2837 creavit
890 2776 973 2837 Deua
998 2775 1165 2836 essentium
1177 2779 1262 2842 coeli
1287 2791 1323 2846 et
1337 2801 1433 2849 esseu-

214 2882 292 2943 tiam
306 2886 422 2943 terrae.
438 2877 495 2944 Cui
510 2895 685 2944 consonare
699 2881 846 2944 videntur
860 2884 964 2945 versio
977 2885 1099 2962 syriaca
1113 2891 1144 2945 et
1159 2899 1187 2947 a.
1203 2884 1358 2967 Ephrem
1382 2891 1432 2970 sy·

151 3063 154 3067 ‚
208 3004 270 3050 ,rus
289 2989 318 3050 ³.
425 3067 427 3071 μ

165 3169 168 3174 ,
252 3096 449 3162 Simultanea
474 3097 592 3160 creatio
606 3097 750 3160 materiei
764 3098 841 3161 satis
861 3101 1036 3179 explicaret
1047 3098 1126 3162 illud
1139 3097 1241 3166 Eccli.
1262 3125 1279 3165 u
1294 3108 1359 3181 Qui
1371 3107 1432 3172 vivit

142 3231 145 3236 ⁴
211 3205 246 3268 in
260 3211 426 3268 aeternum
439 3205 555 3269 creavit
567 3207 673 3268 omnia
686 3213 696 3297 (
710 3235 786 3302 κοινῃ
798 3213 808 3294 )
821 3206 917 3269 timul
932 3205 1046 3287 (livill,
1062 3205 1150 3286 isle»
1166 3207 1293 3276 Verum
1317 3221 1363 3281 ait
1386 3218 1432 3280 Pe

136 3310 138 3314 '
213 3310 328 3400 tarius,
344 3319 424 3383 nihil
438 3320 523 3383 aliud
537 3314 582 3382 ibi
605 3323 785 3400 significari,
800 3322 861 3384 nisi
875 3324 982 3384 omnia
994 3322 1106 3398 simul,
1122 3323 1143 3385 i.
1160 3341 1190 3386 e.
1203 3331 1346 3405 puriter
1360 3316 1391 3395 et
1402 3347 1432 3393 er

215 3419 320 3505 aequo
332 3443 458 3490 creasse
472 3427 585 3505 ileum3
601 3429 695 3492 itaut
716 3429 794 3494 uilril
807 3429 935 3493 aliunde
949 3438 1056 3517 ortum
1071 3446 1108 3492 ac
1123 3429 1326 3502 fabricatum
1343 3439 1433 3522 possit

184 3531 315 3594 <afferri
333 3535 362 3594 ⁴.
1318 3539 1320 3542 ’

252 3639 315 3704 Pro
330 3642 479 3705 coronide
492 3644 802 3708 animadversionum
817 3645 849 3706 in
865 3646 1004 3724 primum
1018 3662 1049 3706 v.
1064 3644 1226 3710 Geneseos
1241 3652 1365 3720 afferre
1378 3656 1434 3738 pla·

138 3783 140 3788 ,
209 3755 263 3812 cet
276 3758 498 3828 argumentum
509 3751 693 3823 Tertulliani
705 3761 816 3816 eontra
828 3752 1059 3840 Hermogenem
1076 3753 1105 3817 li.
1119 3753 1226 3821 uoces
1237 3773 1355 3832 narrat
1368 3781 1433 3846 ope

192 3885 198 3889 .
243 3914 262 3970 1
280 3919 413 3976 utacum.
430 3925 461 3976 L.
480 3922 494 3977 1
511 3935 535 3975 c.
554 3923 582 3976 7.

239 4013 260 4066 ἃ
275 4015 377 4069 Merui.
396 4021 419 4069 1.

241 4112 312 4163 31u
333 4112 404 4166 eea.
423 4116 446 4165 1.

243 4207 369 4259 arcini.
390 4208 431 4258 ue
451 4205 525 4275 opu.
544 4210 575 4263 u.
594 4208 617 4262 r.
637 4221 662 4259 a.
682 4211 714 4262 v.
732 4209 760 4261 r.
779 4209 1075 4278 nuenarianae.
1097 4215 1153 4282 xv,
1171 4217 1216 4285 11,
1237 4223 1285 4274 12.

242 4300 516 4369 ummmm
1136 4305 1141 4314 ‘
1323 4316 1326 4320 ·
