2970 5002
1216 317 1256 384 bd

22 470 142 521 nemuc
174 450 272 518 altera
296 454 429 518 alteram
461 451 621 528 excludit,
647 457 680 514 et
703 449 797 516 simul
818 451 930 517 ambae
951 462 1113 536 nequeunt
1137 461 1243 522 consi*

22 571 121 631 alere.
142 563 174 626 Si
187 581 338 626 numerus
354 569 461 642 posset
472 562 719 642 per-additiones
735 562 870 625 aliorum
884 581 1091 629 numerorum
1106 566 1173 628 lieri
1190 567 1244 628 in-

23 671 155 750 finitus,
183 670 254 734 talis
269 671 396 733 daretur
410 688 560 733 numerus
580 670 633 750 qui
657 688 714 749 per
729 670 858 747 unitatis
881 672 1076 735 additionem
1102 673 1245 738 infinitus

26 775 186 838 evaderet:
200 775 280 838 alius
300 793 451 839 numerus
466 784 550 838 esset
571 776 683 837 infiniti
697 774 999 857 dimidiumripsum
1014 787 1120 842 autem
1137 781 1248 842 inlini-

28 892 98 946 tum
111 902 179 946 esse
194 901 344 947 numerus
361 883 370 965 i
384 886 404 946 i.
418 902 446 945 e.
462 899 588 945 summa
600 884 757 945 unitatum
774 883 783 963 l
800 885 867 946 sine
881 903 1015 950 numero
1025 887 1246 981 determinatq.

28 992 91 1055 Sed
117 991 222 1055 atalia
237 994 403 1055 innumera
416 992 555 1054 absurda
570 1008 610 1052 ex
624 973 677 1052 illa
692 992 855 1071 prolluuut
870 995 1047 1078 hypothesi.
1063 996 1095 1059 Si
1108 997 1247 1074 mundus

29 1097 123 1161 initio
138 1100 250 1174 caruit,
266 1099 378 1160 infiniti
392 1097 479 1160 suere
491 1098 659 1177 elusanui,
675 1098 789 1159 infiniti
809 1108 850 1162 et·
863 1101 942 1176 dies;
966 1109 999 1161 et
1012 1118 1165 1164 numerus
1191 1119 1248 1164 aa·
1292 1113 1296 1122 '

28 1221 147 1268 norum
161 1221 294 1284 aequare
310 1203 420 1266 debuit
433 1205 555 1267 dicrum
570 1222 751 1285 numerum,
763 1223 855 1268 secas
867 1208 920 1268 ille
935 1207 1076 1269 infinitus
1088 1223 1152 1270 non
1166 1207 1249 1270 luis-

27 1314 193 1392 set-quod
204 1311 272 1375 lieri
286 1330 350 1374 nou
364 1319 481 1393 potest,
492 1314 551 1376 nisi
563 1331 681 1377 aunum
696 1321 813 1394 aequet
823 1333 886 1377 una
898 1316 974 1392 dias,
992 1315 1052 1379 boc
1069 1324 1118 1378 est
1129 1317 1191 1378 nisi
1205 1309 1247 1379 sit

29 1422 94 1481 1:
108 1420 178 1481 365.
193 1419 227 1482 Si
239 1419 426 1497 cogitatione
440 1420 641 1483 ascendendo
656 1424 870 1502 perantiquae
882 1422 1109 1504 revolutiones,
1124 1414 1245 1486 multos

27 1525 358 1606 annosimpendimus
372 1527 404 1587 in
417 1526 634 1590 subtrahendo
645 1544 745 1591 annos
758 1529 798 1590 ab
821 1529 922 1604 annis,
936 1538 968 1590 et
989 1547 1007 1589 a
1028 1529 1164 1590 saeculis
1177 1545 1246 1589 sae·

27 1637 115 1711 cula,
131 1650 257 1715 semper
268 1648 378 1697 sumus
395 1635 427 1699 in
448 1635 616 1716 principio,
640 1653 765 1716 semper
780 1636 900 1697 infinite
921 1637 1075 1698 distamus
1087 1637 1128 1697 ab
1142 1646 1247 1699 aeter-

25 1743 138 1808 nitate:
161 1741 318 1805 mundum
331 1744 510 1806 invenimus
523 1743 612 1805 mille
628 1750 701 1806 ante
726 1760 786 1806 nos
799 1743 924 1807 saecula
948 1761 1012 1812 nou
1033 1741 1140 1807 miuus
1166 1744 1245 1806 anti·

26 1869 130 1934 quum
145 1850 242 1914 luisse
262 1867 359 1931 quam
382 1851 479 1914 modo
500 1852 551 1914 sit:
565 1851 633 1914 cius
645 1845 930 1934 ciudaviridisquc
944 1861 1087 1916 senectus
1111 1855 1248 1933 estqui-

24 1961 102 2022 dem
116 1958 266 2032 maxima,
279 1959 335 2022 sad
350 1976 525 2040 numquam
539 1966 684 2036 augetur.
698 1959 762 2021 Nee
776 1966 823 2022 tot
844 1960 1093 2024 absurditatibus
1120 1960 1246 2024 obviam

21 2066 90 2130 ibis
111 2068 138 2129 si
151 2084 262 2147 ponas,
278 2073 386 2129 motus
398 2065 471 2129 illos
483 2065 634 2128 materiae
649 2082 713 2129 uon
729 2066 889 2144 regulares
911 2066 1008 2129 luisse
1020 2067 1076 2130 sed
1088 2067 1246 2147 quantam

21 2172 106 2236 velis
118 2153 319 2253 perturbatos
327 2178 359 2232 et
370 2172 738 2250 irregulares.Numarus
751 2171 835 2232 enirn
847 2172 990 2235 intinitus
1003 2174 1193 2251 motionum,
1206 2175 1247 2234 si-

19 2287 66 2346 ve
82 2279 303 2358 irregularium
314 2277 360 2349 ‚sit
373 2277 439 2341 sive
460 2276 666 2356 regularium,
680 2277 720 2338 ad
734 2278 844 2338 eadem
857 2295 916 2340 nos
928 2279 1015 2340 ducit
1033 2280 1183 2342 absurda.
1196 2281 1246 2341 An

20 2389 139 2471 (quad
152 2385 311 2450 neminem
324 2385 493 2448 credidisse
503 2384 601 2465 puto)
618 2401 797 2464 supponere
818 2386 978 2465 volumus,
990 2403 1101 2450 omnes
1119 2394 1243 2450 atomos

12 2495 172 2558 materiei
194 2500 259 2556 tota
274 2492 459 2557 aeternitate
473 2491 610 2572 perfecte
623 2492 790 2571 quievisse,
804 2509 841 2554 ac
853 2494 1070 2572 postmodum,
1086 2494 1244 2558 dormien-

15 2604 67 2666 tis
91 2600 190 2663 instar
213 2598 369 2664 exercitus
392 2598 459 2679 qui,
482 2599 511 2660 si
533 2598 606 2661 taba
633 2598 773 2662 terribili
797 2600 901 2663 souitu
923 2607 1126 2666 taratantara
1140 2601 1240 2676 dimit,
1332 2588 1335 2592 ’

16 2714 183 2776 excitatas
196 2711 358 2787 consurgit
378 2717 413 2771 ct·
424 2710 464 2770 au
476 2710 603 2771 ordines
617 2715 778 2789 properat,
794 2709 986 2789 quiescentia
1006 2709 1059 2772 illa
1072 2725 1246 2789 corpuscu-

18 2819 55 2885 la
69 2819 113 2881 ab
133 2825 262 2893 aeterno
288 2833 400 2881 somno
414 2817 633 2896 expergefacta
653 2818 793 2895 quietem
819 2825 978 2880 aeternam
1000 2818 1032 2879 in
1053 2824 1244 2898 perpetuum

18 2934 154 2992 motum
167 2932 320 3002 mutasse;
333 2932 366 2988 et
377 2923 441 2987 sive
455 2942 540 3002 casu,
554 2942 636 3004 quae
650 2923 779 3004 Epicuri
792 2926 946 2988 sententia
959 2926 1029 3005 luit,
1040 2926 1105 2993 sive
1116 2925 1170 2986 Dei
1186 2943 1245 2988 nu-

21 3043 62 3098 tu
78 3031 645 3112 ,ctlege,mundampropriedictum
660 3032 878 3096 constituisset
900 3032 1012 3104 Quaeri
1037 3032 1140 3110 primo
1164 3048 1242 3111 pos-

22 3152 91 3222 set,
119 3159 216 3222 quare
242 3123 370 3203 tandem
395 3139 637 3218 materieileges
652 3141 803 3219 imposuit
826 3141 921 3218 Deus,
943 3155 1038 3218 quam
1062 3139 1245 3200 aeternitate

20 3259 97 3332 tota
122 3249 264 3327 exlegem
276 3248 455 3327 reliquerat.
470 3248 586 3311 Verum
599 3255 630 3310 at
641 3246 674 3308 in
689 3247 746 3310 bae
757 3227 923 3327 bypothesi
935 3254 1040 3309 manet
1053 3253 1118 3309 tota
1129 3247 1176 3307 vis
1188 3263 1241 3307 su-

17 3356 162 3440 perioris
177 3356 367 3434 argumenti.
383 3354 423 3417 bt
437 3372 524 3434 saue,
543 3354 673 3417 materia
688 3355 819 3434 eiusque
833 3357 931 3417 atomi
944 3362 1019 3416 suut
1032 3355 1167 3416 essentia
1182 3372 1239 3438 sua

16 3468 146 3530 inertes
157 3472 189 3525 ct
200 3463 345 3540 mobiles,
360 3464 380 3524 i.
393 3480 423 3525 e.
435 3464 536 3526 motui
551 3463 732 3542 recipiendo
747 3471 848 3543 aptae:
863 3479 939 3540 ergo
954 3509 962 3540 ,
989 3463 1016 3524 si
1030 3480 1155 3542 semper
1170 3466 1242 3525 exi·

16 3585 125 3649 stare,
141 3575 399 3653 sempermoveri
420 3579 605 3653 potuerunt.
621 3573 720 3650 Igitur
741 3574 773 3634 in
797 3572 855 3636 hae
876 3572 1042 3659 hypothesi
1066 3574 1243 3636 necessario

14 3691 113 3748 esset
136 3680 296 3762 possibilis
316 3688 424 3744 motus
438 3688 585 3744 aeternus
601 3698 657 3744 seu
672 3681 794 3744 inlinita
823 3683 1001 3746 motionum
1025 3681 1134 3757 series,
1149 3694 1244 3756 quarn

12 3789 259 3873 impossibilem
273 3789 570 3853 demonstravimus.

61 3899 305 3969 Advertendam
326 3905 386 3975 est,
406 3898 551 3960 eamdem
572 3899 611 3960 de
634 3899 780 3962 rationali
801 3905 944 3960 creatura
967 3891 1242 3958 ratiocinationem

10 4011 144 4075 valere.
157 4006 240 4070 Haec
251 4005 336 4067 enim
351 4013 399 4066 est
412 4011 525 4068 natura
536 4006 699 4068 mutabilis
710 4014 742 4068 et
755 4011 843 4067 motu
859 4003 1016 4081 spirituali
1030 4001 1167 4066 mobilis:
1184 4021 1240 4064 va-

10 4121 81 4183 riis
96 4112 343 4193 cogitationibus
355 4117 388 4173 et
402 4111 566 4173 desideriis
581 4115 738 4187 moretum
752 4117 784 4172 et
796 4111 871 4173 lieet
883 4127 945 4172 uon
960 4128 1087 4192 semper
1100 4130 1240 4176 necessa·
1282 4128 1286 4135 ·

12 4227 75 4291 rio
91 4229 272 4300 moveatur,
288 4221 343 4284 sed
358 4237 415 4301 per
437 4218 567 4299 aliquod
583 4226 708 4298 tempus
726 4219 761 4286 ‚iu
785 4235 847 4281 une
860 4218 965 4300 aliqua
979 4219 1168 4297 cogitatione
1191 4221 1239 4282 vel

10 4333 279 4402 affectumanere
292 4329 392 4408 possit
404 4326 584 4406 immorant
593 4331 669 4405 puta
681 4325 713 4389 in
728 4326 772 4391 rei
785 4325 919 4394 alicuius
934 4326 1243 4406 admiratorqsem-
