2970 5002
130 279 170 341 rt

140 415 239 477 mixta
264 431 358 493 vero,
380 407 509 477 coneilio
523 428 601 496 quoe
613 417 756 477 constant
766 411 997 495 principiorum
1014 408 1071 493 (ut
1084 411 1128 475 uit
1151 404 1342 489 Lucretius]

134 540 174 584 en
187 522 251 584 illis
267 522 431 584 coaluisse.
446 522 536 584 Multi
548 521 694 585 doctores
707 521 868 584 christiani
883 523 924 584 ita
937 527 1116 584 senserunt:
1132 537 1174 582 en
1187 519 1240 581 his
1254 534 1346 580 unam

134 629 316 692 meminisse
336 631 469 694 sufficiat
491 630 641 694 loannem
663 631 894 694 Damascenum
923 629 982 711 (L.
1007 630 1042 690 II
1056 629 1093 691 de
1118 627 1189 692 Fid.
1220 626 1343 690 orthod.

135 755 162 799 o.
174 737 214 798 V.
232 736 240 817 l
257 737 434 815 docentem,
448 739 546 801 Deum
561 738 673 802 iecisse
691 757 730 801 en
752 739 852 801 nihilo
873 738 997 801 coelum
1016 745 1048 798 et
1062 744 1183 798 terram
1200 743 1235 797 et
1247 735 1345 798 omnia

136 862 217 925 quae
238 847 269 908 in
291 849 336 910 eis
357 856 453 925 sunt;
476 848 532 911 sed
553 850 614 912 alia
635 847 841 922 immediate,
866 847 985 908 scilieet
1005 845 1182 922 elemehtn;
1210 845 1275 906 alia
1296 861 1346 907 suo

134 955 223 1018 iussu
245 973 284 1017 ex
307 942 383 1037 ipsis
403 958 566 1019 elementis
587 957 730 1020 formata.
747 957 808 1019 llas
831 973 904 1017 vero
924 955 1131 1016 elementares
1156 953 1347 1016 substantias

134 1063 286 1124 credibile
300 1073 360 1138 est,
384 1084 483 1145 quum
503 1082 559 1128 eae
579 1072 701 1129 creatae
721 1072 806 1139 sunt,
829 1080 893 1127 non
914 1064 947 1124 in
966 1062 1101 1125 maiores
1124 1078 1254 1125 massas
1279 1062 1346 1124 fuis·

140 1188 174 1240 se
196 1175 395 1256 coniunctas,
417 1175 472 1237 sed
495 1184 655 1256 separatas
671 1174 785 1256 'potius
807 1173 837 1235 in
868 1170 1015 1234 minimas
1038 1169 1244 1251 maleculas,
1277 1187 1345 1251 quas
1382 1224 1384 1233 ,

138 1293 256 1346 atomos
270 1291 383 1345 vocant
403 1301 459 1346 seu
480 1284 624 1346 monades
646 1301 701 1345 seu
724 1299 856 1364 corpora
878 1282 990 1362 prima:
1014 1279 1101 1342 nulla
1125 1285 1176 1341 est
1198 1280 1288 1340 enim
1307 1295 1344 1340 ra·

143 1392 187 1452 tio
209 1390 394 1452 admittendi
416 1392 590 1471 composita
612 1390 739 1471 physica
760 1390 867 1470 potius
888 1405 983 1468 quam
1005 1384 1342 1465 compositachymioa,

138 1497 325 1578 praesertim
346 1516 419 1560 oum
439 1500 667 1562 moleoularum
689 1499 817 1580 physice
838 1497 1000 1561 unitarum
1019 1495 1170 1558 cohaesio
1184 1494 1342 1575 chymicae

139 1607 294 1688 affinitati,
308 1608 450 1689 adeoque
465 1610 637 1672 mixtorum
663 1607 853 1684 formationi,
870 1606 1007 1669 resistat.
1032 1605 1105 1666 lllas
1126 1621 1205 1667 vero
1228 1612 1342 1666 atomos

139 1716 356 1792 imaginandas
380 1725 458 1795 puto
478 1717 636 1797 dispersas
650 1719 682 1779 in
697 1717 799 1796 spatio
817 1723 880 1793 ,et
900 1712 1108 1795 probabiliter
1128 1729 1195 1775 non
1220 1712 1343 1774 alteram

96 1801 98 1810 ¹
140 1823 231 1908 alteri
267 1825 348 1886 adeo
371 1826 548 1904 proximam
578 1833 614 1888 ut
635 1826 741 1887 statim
760 1825 824 1886 vim
847 1823 913 1903 pati
934 1828 1064 1903 possent
1094 1821 1339 1901 attractionem,

145 1938 181 1990 ut
202 1930 320 2006 dicunt,
345 1931 594 2006 moleoularlum,
620 1933 752 2013 quaein
774 1929 913 1992 minimis
935 1929 1093 2008 distantiis
1115 1935 1229 2007 agunt;
1247 1945 1340 2006 secas,

141 2042 178 2096 ut
198 2036 278 2097 inira
305 2036 490 2116 adparebit‚
524 2056 589 2102 uno
612 2039 814 2103 solummodo
835 2042 998 2099 momento
1020 2034 1142 2116 primus
1166 2035 1221 2096 ille
1245 2050 1342 2097 rerum

141 2151 262 2220 status,
285 2145 339 2225 qui
362 2145 412 2206 hio
433 2162 452 2207 a
471 2144 557 2208 Mose
580 2145 779 2225 describitur,
803 2143 1013 2221 obtinuisset,
1036 2149 1064 2205 et
1086 2141 1235 2204 tenebrae
1261 2157 1344 2221 super

47 2240 50 2247 ’
139 2249 373 2334 sacicmohysst
394 2254 446 2315 vix
469 2253 601 2314 fuissent
621 2255 856 2324 memorandae.
880 2253 913 2316 Si
936 2255 978 2313 lta
1000 2250 1085 2329 luit,
1108 2253 1156 2313 uti
1177 2256 1343 2329 putamus,

140 2360 273 2420 materia
293 2361 347 2432 illa
368 2360 587 2440 elementaris,
609 2379 672 2424 non
697 2362 792 2425 modo
814 2380 853 2423 ex
876 2361 954 2423 lucis
976 2359 1113 2435 delectu,
1130 2357 1186 2418 sed
1202 2353 1343 2418 etiamoh

142 2468 345 2542 exiguitatem
361 2475 392 2528 et
414 2474 559 2529 mutuam
572 2469 753 2530 distantiam
764 2476 953 2545 atomorum,
972 2464 1145 2530 inuisibilis
1159 2462 1344 2544 essepotoit.

160 2636 162 2641 .
181 2575 290 2637 Potest
303 2574 416 2654 aliquis
437 2576 604 2652 conlisere,
631 2594 671 2638 ne
690 2578 851 2638 elementa*
866 2577 996 2658 quidem
1009 2580 1027 2636 a'
1039 2575 1104 2637 Deo
1126 2573 1348 2646 immediateet

102 2736 104 2740 ,
147 2684 294 2763 primitus
313 2691 440 2763 ereata,
473 2687 671 2764 primamque
692 2686 780 2747 illam
803 2692 922 2747 terram
952 2683 1117 2764 informem
1139 2683 1218 2743 nihil
1257 2682 1346 2743 luisse

144 2788 240 2864 aliud,
257 2789 317 2851 nisi
343 2790 476 2869 primam
490 2793 660 2871 quamdam
687 2793 852 2855 materiam
866 2809 906 2854 ox
920 2808 982 2872 qua
1004 2792 1071 2870 ipsa
1091 2804 1268 2868 corporum
1287 2788 1347 2848 cla-

144 2902 251 2958 menta
273 2906 436 2977 compacta
459 2900 532 2962 sint.
562 2900 647 2972 Quae
667 2901 820 2962 sententia
836 2900 997 2964 nonnullis
1021 2899 1177 2978 placuisse
1200 2895 1346 2971 videtur,

146 3012 178 3065 et
190 3005 359 3084 aliquando
376 3007 508 3072 tortasse
526 3010 587 3088 ipsi
603 3010 791 3086 Augustino.
806 2995 875 3071 Non
900 3009 1031 3070 omnino
1051 3005 1189 3068 absurda
1212 3013 1262 3066 est
1276 3004 1347 3065 haee

143 3110 338 3194 hypothesis,
361 3115 386 3177 si
401 3132 465 3178 non
484 3115 524 3177 de
545 3116 598 3178 illa
613 3114 772 3195 loquimur
792 3104 924 3179 materia
945 3116 1047 3199 prima
1074 3129 1154 3194 qnae
1175 3111 1266 3175 omni
1289 3111 1350 3172 ior'-

143 3235 220 3296 ma‚
243 3221 391 3299 qualitate
412 3230 444 3284 et
467 3223 729 3302 determinatione
751 3231 858 3302 caret,
882 3241 964 3304 quae
988 3239 1154 3303 numquam
1180 3219 1351 3282 subsistere

143 3331 314 3405 invenitur,
340 3337 375 3392 ut
395 3331 478 3392 Beda
499 3333 515 3381 1
538 3334 658 3411 scribit,
674 3351 770 3414 quam
791 3333 977 3394 existentem
989 3345 1106 3410 ponere
1120 3327 1264 3408 implicat
1288 3319 1352 3390 oon·

145 3435 375 3513 trodlctionem,
398 3446 473 3501 uta.
488 3440 622 3503 Thomas
645 3443 683 3522 (ς
704 3443 779 3524 XV)
796 3444 901 3521 docet,
917 3457 1013 3521 quam
1034 3456 1075 3501 ne
1097 3428 1274 3514 imaginari
1283 3435 1354 3516 qui-

144 3541 214 3602 dem
227 3561 405 3622 possumus,
422 3564 565 3629 quaeque
576 3558 625 3612 est
636 3568 722 3614 mera
734 3551 913 3613 intellectus
926 3545 1108 3621 abstractim
1124 3545 1178 3606 sed
1192 3545 1353 3623 loquimur

143 3649 182 3711 de
194 3650 331 3729 quodam
343 3655 672 3720 usrieoelementorum
688 3659 857 3720 elemento.
871 3656 976 3718 Placet
990 3654 1073 3715 enim
1085 3651 1249 3714 nonnullis
1257 3656 1355 3711 mate·

144 3758 221 3820 riam
237 3777 416 3840 supponere
428 3763 655 3844 homogeneam
668 3765 757 3827 euius
768 3767 866 3826 atomi
877 3763 941 3825 sive
952 3761 1104 3824 monades
1118 3758 1244 3820 diverso
1259 3755 1356 3820 modo

143 3871 175 3924 et
195 3885 328 3935 numero
349 3889 417 3934 sese
441 3880 553 3936 mutuo
574 3869 1003 3950 coniungentes,moleoulas
1027 3867 1275 3939 elementorum,
1289 3865 1311 3925 i.
1325 3883 1354 3946 e,

144 3994 316 4056 corporum
339 3981 481 4061 chymice
502 3980 696 4060 simplicium
716 3979 893 4042 efforment.
917 3978 987 4053 lta,
1010 3976 1144 4052 dieunt,
1168 3976 1195 4037 si
1229 3952 1355 4037 litterae

144 4085 302 4164 alphabeti
325 4090 452 4167 punctis
467 4088 605 4168 physicis
628 4087 688 4149 sibi
711 4086 864 4166 proximis
885 4086 1038 4149 formatae
1058 4083 1218 4160 tingantur
1240 4127 1247 4157 ,
1273 4089 1308 4143 et
1330 4083 1358 4143 si

144 4192 364 4256 huiuscemodi
374 4194 488 4256 litteris
500 4202 787 4276 omnes‚quotqu0t
798 4201 830 4261 in
847 4197 961 4275 magna
976 4191 1168 4256 bibliotheca
1183 4189 1357 4269 exsistunt,

179 4300 264 4354 tttt.
280 4304 303 4356 ll
321 4301 352 4358 ds
368 4301 491 4366 Princip.
514 4303 541 4352 c.
558 4307 582 4355 1.
