2970 5002
242 310 301 375 110

242 447 362 528 primae
383 446 456 510 diei:
466 443 608 509 suceedtt
630 422 714 523 pone
727 441 795 504 dies
810 442 898 506 aber.
916 443 1230 511 extenuarentur
1244 446 1331 514 siout
1344 453 1449 534 pettam

243 553 581 638 (tabernaculumpqui
594 553 672 635 tepis
685 552 778 635 aquis
792 552 957 634 superiora
970 552 1112 628 einnoni
1124 557 1216 636 ponis
1226 557 1450 626 nubem-orem·

243 683 313 730 serm
329 665 483 747 (currum)
500 672 599 745 tuum,
624 664 678 746 qni
689 662 831 727 amintae
843 675 939 745 snper
949 679 1070 745 pennae
1091 672 1268 730 uentorum.
1285 667 1384 733 Vides
1404 671 1445 733 bie

247 775 323 837 nibil
337 774 421 837 aliud
438 775 470 837 iu
484 774 687 838 secundidiei
702 788 798 855 opere
809 773 977 836 memorari
993 773 1051 836 nisi
1067 774 1168 838 nubes
1183 783 1216 838 et
1228 779 1315 839 aera.
1339 778 1374 840 tn
1390 779 1443 842 Lib.

244 884 299 948 iob
318 885 333 935 1
349 886 496 963 legimus;
527 883 616 966 quod¹
635 883 718 947 Deus
741 883 819 964 tipot
843 882 987 964 (claudit)
1010 898 1111 965 opnor
1126 885 1158 947 in
1171 883 1309 948 nubibus
1323 888 1402 964 euin
1420 898 1444 950 et

238 995 323 1074 apud
337 995 395 1056 ter.
414 993 442 1056 ²:
460 993 519 1068 (tui
532 991 608 1073 feeit
621 999 740 1056 terram
752 993 785 1054 in
798 990 986 1071 tortitudine
999 1006 1082 1055 suo.
1110 1037 1118 1055 .
1146 1038 1154 1055 .
1176 994 1446 1074 etprudenttomn

246 1103 390 1166 retendit
405 1101 518 1164 coetos.
532 1101 581 1165 Art
593 1112 697 1165 vorem
708 1115 797 1164 suom
811 1099 868 1163 dot
888 1099 1122 1166 multitudinem
1136 1116 1292 1182 aprorum
1315 1103 1351 1167 in
1365 1104 1440 1179 rosto,

240 1217 269 1274 et
286 1212 386 1274 elebat
400 1211 581 1275 nebulosae
596 1202 853 1274 aeternitatibus
875 1217 990 1274 terrae.
1018 1211 1156 1292 ratpero
1180 1212 1214 1274 iu
1235 1211 1384 1293 pluviam
1401 1213 1442 1293 s·

240 1321 283 1382 eit
302 1342 331 1381 n.
346 1309 401 1381 ilio
413 1318 444 1380 iu
468 1316 559 1380 coeio
569 1332 664 1398 quem
681 1315 825 1380 retendit
839 1315 922 1379 Deus
935 1317 1341 1382 memoretmuttitudinem
1354 1337 1436 1401 aquo·

239 1445 323 1489 rum:
339 1442 447 1488 verum
460 1426 643 1504 huiusmodi
663 1440 763 1506 aquae
784 1427 960 1488 cuiusmodi
980 1427 1054 1502 sint,
1068 1426 1165 1489 vides:
1196 1442 1255 1489 eae
1280 1437 1360 1492 sunu
1378 1444 1451 1510 qvae*

240 1533 296 1596 Dei
318 1533 440 1611 legibus
461 1533 623 1596 elevantur
649 1551 667 1594 a
685 1539 765 1594 terra
781 1533 811 1594 in
826 1535 950 1614 vaporis
964 1542 1059 1610 statu,
1076 1543 1287 1598 conereseunt
1300 1536 1333 1598 in
1348 1537 1440 1613 nubes,

241 1650 275 1705 et
288 1645 322 1705 in
337 1643 476 1722 pluviam
491 1643 650 1705 decidunt.
668 1641 758 1703 Pron.
771 1637 849 1719 viii,
863 1642 914 1706 28.
929 1641 1043 1720 iegitur
1067 1643 1100 1705 in
1123 1642 1262 1721 vulgata:
1279 1662 1300 1708 a
1324 1644 1437 1718 Quando

241 1751 366 1813 aethera
384 1749 529 1813 firmabat
550 1766 676 1813 sursum
690 1757 722 1811 er
743 1749 876 1812 librabat
889 1749 1155 1832 ionteeaquarum
1171 1772 1201 1813 n:
1216 1739 1438 1835 neumasie-

241 1860 357 1936 uerius,
383 1875 491 1922 vocem
513 1875 594 1938 quae
615 1857 758 1920 redditur
768 1856 907 1938 aethere,
920 1860 1046 1939 proprie
1060 1858 1156 1924 nuber
1176 1861 1367 1939 significare.

277 1969 377 2044 Igitur
390 1975 457 2030 erat
472 1975 546 2031 tune
559 1968 640 2029 eirea
654 1965 800 2030 tellurem
812 1967 937 2030 inedita
951 1967 1031 2031 aeris
1043 1971 1170 2047 regione
1181 1971 1277 2051 quasi
1301 1969 1438 2052 quaedem

238 2075 372 2139 nubium
395 2075 507 2138 fornix:
534 2074 618 2138 Deus
642 2084 748 2138 antem
763 2074 920 2138 mediante
941 2075 1000 2138 hae
1022 2077 1107 2139 aeria
1133 2077 1344 2159 expansione,
1358 2093 1436 2160 quan

239 2185 494 2266 atmospbaeram
506 2186 716 2266 appetamus,
730 2201 784 2247 eas
797 2184 913 2264 divisit,
926 2202 993 2260 seu,
1009 2185 1093 2266 quod
1108 2185 1266 2262 idemest,
1281 2204 1341 2270 por
1353 2194 1439 2251 aerem

241 2290 315 2356 iecit
328 2300 362 2356 ut
374 2308 428 2354 eae
440 2292 655 2354 dividerentur
668 2292 708 2354 ab
733 2291 823 2373 aquis
849 2309 930 2373 quae
952 2300 1048 2365 erant,
1063 2293 1125 2356 sub
1148 2296 1385 2377 aimospbesra,
1400 2293 1438 2355 ni-

237 2401 355 2464 mirum
372 2400 412 2462 ab
426 2401 515 2480 aquis
528 2400 637 2463 faeiem
648 2407 749 2462 terrae
765 2400 1021 2478 tegentibusNee
1036 2401 1208 2483 improprie
1229 2405 1437 2487 atmespbaen

241 2509 475 2588 firmamentum
487 2507 611 2570 dieitur.
624 2507 707 2570 Haec
723 2509 808 2571 enim
822 2522 882 2572 suo
895 2510 1036 2590 pondere
1050 2520 1081 2572 et
1102 2511 1266 2591 pressione
1290 2521 1436 2576 terrestres

240 2632 338 2696 aquas
350 2617 503 2693 eontinet,
524 2631 564 2676 ne
576 2613 710 2678 nimium
724 2617 924 2696 evaporando
941 2615 1039 2697 (quod
1052 2619 1147 2682 etiam
1158 2619 1192 2680 in
1204 2620 1365 2684 ordinaria
1380 2629 1441 2683 ten·

241 2727 329 2802 peris
341 2723 496 2784 accideret
509 2723 673 2803 multoque
696 2724 795 2802 magis
817 2725 983 2786 accidisset
998 2725 1029 2786 in
1046 2726 1104 2788 bae
1118 2726 1250 2806 periodo
1274 2744 1352 2792 eum
1370 2734 1438 2791 esset

239 2831 406 2910 temperies
428 2830 527 2909 magis
539 2831 657 2894 elevata
674 2830 683 2912 )
698 2833 737 2894 ad
753 2833 912 2910 regionem
931 2831 1064 2896 nubium
1077 2833 1269 2913 'ascendens
1284 2844 1321 2900 ot
1333 2853 1401 2901 ouva
1413 2832 1442 2896 iis

239 2939 488 3004 contundantur:
509 2941 651 3020 pondere
664 2942 738 3003 irem
753 2948 785 3003 et
799 2921 960 3021 pressione
985 2960 1041 3006 sua
1069 2943 1170 3006 nubes
1191 2945 1312 3009 retinet
1333 2947 1365 3012 iu
1384 2945 1438 3009 ebo

239 3066 410 3130 suspensas
424 3066 518 3130 quae,
534 3055 656 3111 remoto
681 3049 741 3111 troo
761 3047 938 3130 obstaculo,
955 3051 985 3114 in
1001 3058 1099 3114 terras
1122 3050 1322 3116 deciderent.
1340 3055 1441 3120 Revera

239 3160 354 3239 nubes,
368 3174 564 3240 vaporesque
577 3174 617 3219 ex
630 3156 746 3240 quibus
760 3157 831 3219 iliae
844 3166 998 3237 constant,
1016 3177 1054 3222 eo
1069 3158 1170 3237 magis
1183 3162 1379 3240 ascendunt,
1391 3177 1444 3242 quo

164 3254 167 3260 ’
236 3270 338 3330 maior
352 3276 401 3330 est
414 3267 493 3328 a'e'ris
505 3267 637 3346 pressio,
653 3283 748 3347 quam
770 3266 1134 3347 hydrargyrieolumelta
1156 3267 1186 3329 in
1204 3268 1444 3333 barometrisiu·

237 3374 331 3436 dieat.
348 3375 394 3436 lta
411 3375 513 3436 Moses
526 3375 586 3439 hoe
601 3376 841 3454 phaenomenon
863 3376 1009 3454 explicat,
1037 3375 1128 3439 saeiie
1156 3375 1238 3438 iliud
1264 3377 1395 3457 quidem
1416 3383 1442 3437 rt

236 3484 322 3565 quod
338 3484 550 3547 Hebraeorum
566 3485 806 3546 admirationem
821 3485 957 3546 excitare
980 3493 1115 3564 peierat,
1132 3501 1194 3547 non
1209 3485 1369 3551 munusue
1389 3486 1444 3550 ru-

236 3591 279 3654 bii
298 3593 476 3655 scribentis:
503 3606 522 3654 n
551 3591 630 3664 Quid
646 3609 715 3655 esse
735 3591 909 3655 mirabilius
931 3599 1036 3672 potest
1056 3591 1148 3674 aquis
1168 3594 1201 3657 in
1223 3593 1317 3658 soevo
1340 3593 1444 3658 stanti·

236 3701 330 3764 bose
352 3699 397 3760 nt

278 3808 332 3874 His
347 3810 526 3892 praeiaoris,
549 3813 609 3874 iam
632 3807 745 3875 seriem
769 3816 867 3873 totam
891 3817 1060 3873 eventuum
1084 3826 1164 3892 quae
1179 3809 1319 3875 secunda
1335 3809 1449 3875 brodio

235 3919 295 3980 sibi
317 3929 541 3984 successerunt
562 3938 720 4002 exponere
741 3935 879 4002 pronum
901 3924 959 3980 est.
985 3918 1145 3998 sicigitur
1167 3930 1216 3981 res
1232 3913 1363 3985 videtur
1376 3919 1446 3984 mibi

234 4028 450 4107 concipienda.
474 4031 588 4095 Statim
610 4048 646 4094 aa
668 4032 700 4095 in
713 4032 825 4095 tellure
851 4040 883 4098 et
905 4031 936 4096 in
951 4029 1176 4097 circumstante
1191 4028 1295 4111 spatio
1312 4030 1445 4114 primum

266 4293 281 4341 1
300 4293 330 4345 c.
349 4291 447 4354 xxvv,
466 4293 494 4344 e.

267 4388 335 4442 ac.
355 4387 390 4451 x,
412 4390 463 4455 ea,
482 4390 524 4443 es.

265 4486 372 4543 uuirt.
393 4489 458 4546 Nor:
479 4494 508 4546 L·
530 4489 619 4546 xxxi.
