2970 5002
1229 288 1269 350 tt

12 405 17 446 ¹
56 442 89 485 ra
114 423 165 484 illa
187 420 286 484 inanis
308 427 339 484 et
362 435 459 484 vacua
483 422 542 502 ipsi
564 426 631 483 erat
653 420 742 485 ruina
763 421 872 484 mundi
899 420 997 483 alteo
1017 419 1179 483 destructi.
1196 421 1267 483 Non

10 512 16 557 ¹
54 534 164 610 poetas
185 546 324 610 paganos
351 531 359 611 l
383 528 437 610 qui
457 529 517 593 hoe
537 548 576 592 ex
596 529 752 593 maiorum
775 529 942 593 traditione
962 527 1120 608 accepisse
1154 528 1266 590 videu-

10 624 14 677 i
56 646 107 701 tur
121 638 144 720 l,
162 640 217 701 sed
241 656 348 702 sacros
363 638 461 702 libros
484 639 597 721 secuti,
613 637 775 701 christiani
790 639 977 719 interpretes
992 637 1211 727 conlusinonem
1224 637 1268 696 il·

10 734 27 773 ἶ·
58 748 123 808 lam
145 746 364 827 primigeniam
389 764 535 827 posuere,
557 763 617 809 uec
639 749 745 809 solum
766 753 896 826 propter
916 745 971 807 illa
991 746 1059 808 duo
1078 748 1174 811 verba
1189 747 1265 809 satis
1283 769 1287 781 ¹

10 843 12 884 ²
56 854 193 918 obscura
214 864 245 917 et
273 855 367 918 unius
389 854 694 932 linguaehebraieae
710 854 849 933 propria,
862 853 1048 916 sedtumex
1061 853 1199 933 illoSap.
1213 854 1266 929 ill,
1395 915 1396 920 ,

10 984 12 989 ·
57 964 109 1043 18,
132 964 169 1027 de
189 965 324 1027 materia
345 964 507 1045 amarpha,
533 971 601 1025 tum
623 963 792 1043 praecipue
812 981 852 1025 ex
872 963 967 1025 llosis
989 968 1149 1026 contextu.
1174 962 1269 1024 Tarm
1385 941 1388 946 ⁵

56 1073 142 1133 enim
164 1072 351 1151 primigenia
372 1077 420 1132 est
441 1078 473 1131 et
493 1076 623 1133 vocatur
645 1071 811 1134 tenebrosa
822 1070 955 1152 abyssus
978 1070 1020 1150 (v.
1042 1069 1099 1149 2.):
1117 1069 1210 1134 arida
1224 1087 1268 1148 ¹eu
1336 1115 1340 1122 .

48 1179 147 1260 aquis
163 1163 307 1241 nondum
328 1177 492 1254 ascendit,
516 1178 658 1259 adeoque
679 1179 838 1242 terrestria
859 1179 1001 1241 viventia
1014 1183 1047 1242 in
1069 1197 1105 1242 ea
1126 1196 1195 1242 esse
1217 1196 1272 1242 ne·

58 1293 182 1368 queunt
206 1287 252 1368 lv.
266 1290 296 1350 9.
313 1287 334 1368 J:
355 1288 470 1351 desunt
489 1287 556 1364 Sol,
571 1287 659 1350 Luna
680 1293 713 1349 et
733 1287 848 1350 Stellae
870 1288 1015 1368 (vall).
1039 1289 1112 1369 Aer,
1135 1307 1216 1370 aqua
1237 1295 1270 1350 et

60 1395 159 1457 tellus
180 1395 342 1476 separatae
372 1414 435 1459 non
461 1405 535 1460 sunt
548 1443 557 1473 ,
570 1395 642 1464 ,sed
670 1397 859 1460 commixtae
884 1397 958 1478 (vv.
976 1401 1011 1462 o.
1035 1401 1084 1463 10.
1103 1398 1138 1480 );
1163 1416 1270 1462 nonne

59 1503 114 1564 hie
135 1508 234 1564 status
255 1509 469 1582 repraesentat
495 1505 631 1566 chaum?
651 1504 728 1584 quid
749 1505 890 1586 mirum,
912 1505 939 1567 si
961 1508 1003 1568 ita
1023 1507 1063 1570 ab
1085 1505 1269 1585 interpreti-

32 1669 33 1672 ,
58 1611 119 1673 bus
142 1602 341 1692 describitur,
364 1619 397 1674 et
417 1630 657 1692 nonnumquam
681 1613 776 1678 Chaos
797 1632 913 1679 nomen
936 1613 1112 1696 usurpant,
1137 1614 1183 1675 uti
1207 1613 1273 1675 Au·

61 1720 206 1796 guatinas
228 1737 322 1800 quem
344 1721 510 1783 citavimus
534 1720 679 1802 (ng),
705 1732 737 1784 et
757 1703 947 1786 christianus
976 1731 1061 1787 vates
1083 1721 1218 1786 Hilarius
1239 1719 1272 1783 in

62 1827 165 1890 Carm.
190 1829 230 1892 ad
250 1829 399 1893 Leonem:

264 2023 455 2112 omniorum
467 2055 584 2128 teperet
595 2050 719 2129 ciprum
736 2048 843 2128 Chaos,
856 2047 984 2136 altaque
995 2046 1092 2110 moles

220 2158 362 2235 Desuper
376 2164 502 2235 carperet
524 2156 671 2234 informis
692 2174 825 2234 corpora
838 2157 956 2230 maadi,

222 2265 283 2325 Nec
298 2265 417 2340 species
434 2281 494 2336 ,nac
509 2261 611 2341 formo
626 2261 726 2342 forem
751 2263 833 2322 Deus
850 2263 937 2324 intus
961 2261 1083 2340 apebat.
1186 2290 1190 2297 ·

105 2478 178 2538 Sine
199 2493 294 2539 causa
316 2477 410 2553 igitur
432 2456 577 2538 eruditus
597 2476 726 2556 quidam
750 2472 872 2550 anglus
903 2471 1057 2552 (Graville
1078 2473 1187 2555 Peon)
1205 2492 1275 2539 mo

12 2633 17 2640 .
65 2584 141 2647 do
132 2604 171 2646 m
187 2586 248 2648 boc
269 2580 369 2648 Chaos
393 2601 534 2663 pugnare
555 2584 631 2647 mibi
653 2583 822 2649 videtur1.

108 2693 219 2769 Chaos,
239 2700 281 2755 ut
299 2693 342 2753 ita
363 2694 488 2770 dicam,
505 2693 680 2757 mosaicum
701 2692 733 2759 iu
755 2692 816 2756 boc
839 2691 1010 2773 praecipue
1031 2690 1071 2751 ab
1092 2689 1149 2753 illo
1170 2688 1277 2751 ethni-

66 2818 182 2865 corum
204 2800 321 2880 differt,
346 2801 419 2881 quia
442 2818 460 2863 a
482 2801 547 2863 lieo
569 2807 781 2877 creetumest,
804 2801 948 2880 adeoque
962 2818 1026 2862 non
1041 2806 1276 2874 estaeternum,

68 2911 127 2973 sed
151 2912 310 2974 creatione
331 2911 506 2991 posteriue
525 2908 654 2974 Ovidius
673 2910 783 2989 incipit
803 2911 843 2973 ab
864 2910 1004 2972 increato
1027 2909 1113 2971 Clrao
1136 2908 1229 2988 (Met.
1251 2907 1275 2968 l.

64 3039 95 3082 v.
114 3019 214 3082 5-20
228 3019 251 3100 l,
275 3026 307 3082 et
320 3027 429 3100 postea
452 3021 461 3102 1
470 3037 498 3081 v.
514 3021 565 3082 21.
580 3018 589 3100 )
602 3019 714 3100 'Deum
737 3018 794 3081 vel.
808 3018 967 3082 meliorem
980 3028 1135 3093 notarum,
1152 3016 1191 3079 ad
1206 3031 1279 3077 eum

66 3129 281 3192 ordinandum
305 3129 436 3192 inducit.
459 3128 499 3191 Et
521 3129 623 3192 Moses
639 3129 679 3190 ita
694 3126 835 3201 lecisset,
861 3129 888 3189 si
909 3135 1026 3189 terram
1046 3124 1232 3202 amorplram
1248 3128 1279 3182 et

66 3239 269 3300 tenebrosam
289 3239 439 3317 abyssum
460 3244 614 3315 aeternas,
636 3253 738 3315 neque
758 3251 777 3297 a
797 3234 863 3297 Deo
883 3239 1003 3295 creatas
1027 3230 1083 3294 sed
1105 3230 1281 3292 solummo-

66 3345 111 3407 do
133 3345 292 3408 ordinatas
314 3352 457 3426 putasset
479 3364 487 3422 ;
509 3361 568 3406 nec
589 3344 677 3424 prius
701 3341 860 3422 posuisset
880 3356 984 3420 neque
1005 3339 1040 3402 in
1063 3336 1222 3418 principio
1236 3335 1283 3396 la·

66 3458 173 3538 ctum}
194 3456 280 3538 quod
302 3462 411 3535 postea
431 3461 589 3532 patratum
613 3451 771 3515 credebat.

94 3570 191 3634 lum
209 3585 229 3629 a
256 3567 352 3630 saeris
371 3563 485 3626 litteris
508 3569 575 3625 tum
596 3579 614 3623 a
634 3568 745 3624 natura
764 3560 941 3636 doeemur,
976 3558 1039 3622 hoc
1061 3558 1094 3618 in
1118 3555 1284 3620 condenda

72 3686 107 3740 et
130 3675 319 3756 perficienda
336 3673 450 3743 tellure
467 3671 568 3733 Deum
589 3671 740 3749 voluisse,
755 3676 791 3732 ut
809 3686 828 3731 a
849 3667 983 3747 simplici
996 3667 1036 3728 a'd
1058 3666 1284 3743 compositum,

72 3786 116 3848 ab
139 3783 323 3864 imperfecto
341 3782 380 3843 ad
395 3779 581 3861 perlectum,
598 3778 637 3841 ab
658 3777 785 3841 informi
805 3782 837 3839 et
858 3776 929 3839 rudi
943 3776 983 3837 ad
1001 3779 1148 3836 ornatum
1169 3776 1201 3831 et
1215 3784 1288 3848 peri

71 3894 212 3976 politum
233 3898 381 3953 constans
402 3906 588 3968 progressus
609 3886 708 3949 lieret.
731 3887 875 3964 cogitare
894 3885 990 3960 igitur
1014 3886 1288 3959 possumus‘crea·

75 4013 126 4066 tas
150 4019 168 4063 a
189 4001 255 4063 Deo
277 3999 478 4061 solummodo
499 3997 691 4060 substantias
716 3987 1037 4074 chymice'simptiees
1060 4004 1118 4050 seu
1140 3988 1285 4048 elemen-

72 4119 119 4186 ta,
146 4128 227 4191 quae
247 4098 420 4190 primordia
439 4123 547 4169 rerum
569 4111 782 4183 etcorporum
803 4099 958 4180 principia
970 4097 1127 4177 appellata
1147 4095 1287 4172 luerunt:
1398 4178 1400 4183 Ι

108 4255 125 4303 1
144 4251 169 4301 A
187 4248 367 4316 comparative
384 4223 503 4301 estimato
527 4243 618 4310 ollito
641 4239 755 4298 mittero!
779 4239 834 4294 aad
851 4236 991 4319 modulaci-
1011 4208 1087 4294 Grai.
1105 4235 1131 4286 ².
1150 4230 1221 4286 Edit.
1261 4232 1292 4289 Vi

58 4356 102 4418 ,1.
123 4361 151 4416 p.
166 4347 215 4400 197
233 4344 343 4402 landon
363 4341 439 4404 1825.
