2970 5002
212 355 235 420 8

249 495 280 558 5.
297 494 337 558 Et
348 492 519 575 appellavit
532 491 616 555 Dens
629 487 733 553 lucem
755 485 847 567 diem,
863 494 896 554 et
909 489 1055 556 tenebras
1075 498 1204 558 noctem.
1234 493 1274 557 Et
1288 492 1347 556 luit
1370 509 1431 553 ve-

212 618 306 681 spera
320 606 351 661 et
365 599 424 661 fuit
437 616 540 678 mane,
554 597 622 659 dies
636 613 729 659 nnus.

250 709 281 769 6.
298 707 338 770 Ει
351 706 429 768 dixit
442 706 536 769 Deua:
552 705 594 767 sit
607 704 749 768 extensio
764 704 776 787 (
788 718 843 768 sen
855 706 1083 785 firommeatum
1094 726 1104 764 .·
1117 707 1159 769 ita
1170 706 1264 787 alibi)
1277 707 1308 769 iu
1321 707 1433 771 medio

209 830 363 895 aquarum
377 820 409 875 et
422 814 463 876 sit
478 830 627 894 separans
641 813 723 875 inter
734 830 832 893 aquas
845 821 876 875 et
889 831 998 894 aquas.

247 922 278 983 7.
293 912 335 983 'Et
348 920 422 982 fecit
435 920 519 983 Deus
533 923 761 1000 extensionem,
776 927 808 983 et
821 922 976 1000 separavit
990 923 1000 1003 (
1013 939 1068 986 seu
1078 923 1225 1003 seperari
1238 921 1325 1001 fecit)
1342 925 1428 986 inter

204 1043 305 1108 aquas
318 1043 399 1108 qnae
412 1034 489 1090 suut
502 1028 563 1092 sub
576 1027 771 1108 extensione,
785 1035 818 1092 et
830 1028 912 1092 inter
922 1046 1019 1110 aquas
1029 1048 1109 1110 quae
1122 1036 1198 1094 sunt
1207 1047 1304 1110 super
1317 1038 1434 1093 exten-

102 1153 105 1158 ·
206 1135 342 1199 sionem.
358 1135 398 1199 Et
412 1136 455 1199 ita
468 1136 537 1200 fuit.

253 1245 284 1306 8.
301 1243 340 1306 nt
352 1244 474 1308 vocavit
486 1243 570 1308 Deus
595 1245 812 1309 extensionem
830 1245 958 1310 coelum.
974 1245 1013 1308 nt
1025 1245 1084 1309 fuit
1106 1263 1236 1327 vespera
1251 1253 1282 1309 et
1294 1246 1353 1309 fuit
1364 1265 1436 1310 ma-

210 1339 532 1433 ne,diessccuudns.
652 1338 656 1343 ⁴

254 1463 285 1522 9.
302 1459 341 1522 Et
354 1459 433 1522 dixit
446 1460 539 1522 Dens:
557 1466 787 1539 congregentur
800 1478 911 1542 aquae,
928 1461 1139 1543 (quaesunt)
1157 1462 1217 1524 sub
1230 1461 1318 1526 coelo
1334 1462 1365 1524 in
1391 1481 1432 1526 u-

211 1586 293 1633 num
307 1568 425 1648 locum,
440 1573 471 1628 et
485 1575 635 1647 appareat
646 1569 782 1631 siccum:
799 1568 840 1631 Et
853 1569 896 1630 ita
910 1569 979 1631 fuit.

255 1679 304 1739 10.
317 1675 357 1738 Et
366 1675 580 1738 vocavitlleus
591 1677 711 1738 siccum
725 1683 856 1753 terram,
871 1682 903 1738 et
915 1678 1173 1758 congregationes
1185 1696 1338 1760 aquarum
1364 1698 1435 1742 me-

212 1785 279 1848 rie.
294 1784 334 1847 Et
346 1783 424 1846 vidit
436 1784 520 1846 Deus
534 1784 619 1865 quod
637 1784 763 1864 (esset)
780 1785 911 1846 bonum.

256 1895 306 1955 11.
323 1891 362 1954 Et
376 1891 456 1953 dixit
469 1891 564 1953 Deus:
581 1891 736 1969 germinet
752 1880 915 1969 (pressius
929 1891 968 1953 ad
982 1893 1117 1954 literam:
1134 1893 1294 1957 herbescat
1310 1893 1318 1973 J
1349 1902 1432 1956 terra

211 1997 345 2061 herbam
359 1996 632 2079 parvam‚berbam
645 1994 811 2059 facientem
825 2013 943 2074 semen,
962 2005 994 2059 et
1006 1998 1152 2061 arborem
1166 1998 1359 2060 fructiferam
1385 2000 1435 2061 fa-

212 2106 349 2170 cientem
372 2107 512 2170 fructnm
532 2107 619 2170 inxta
638 2106 775 2185 speciem
796 2123 899 2187 suam,
915 2106 1004 2170 cuius
1028 2123 1136 2169 semen
1151 2109 1192 2170 sit
1205 2110 1237 2170 in
1251 2109 1318 2188 ipsa
1333 2125 1429 2188 super

214 2223 346 2280 terram.
360 2216 400 2280 Et
411 2217 452 2279 ita
464 2217 535 2280 fnit.

212 2390 217 2400 ,
256 2324 306 2386 12.
334 2322 374 2386 Et
394 2323 544 2402 produxit
567 2329 650 2385 terra
673 2325 804 2387 herbam
830 2342 970 2404 parvam,
997 2323 1128 2385 herbam
1143 2323 1308 2384 facientem
1324 2340 1432 2384 semen

212 2431 301 2495 iuxta
316 2448 406 2495 suam
419 2432 569 2511 speciem,
585 2439 616 2494 et
631 2432 777 2493 arborem
792 2431 958 2493 facientem
973 2430 1123 2510 fructum,
1146 2432 1236 2494 onius
1257 2448 1365 2493 semen
1380 2438 1430 2492 est

215 2541 249 2602 in
265 2541 343 2620 ipsa,
363 2539 448 2602 iuxta
463 2555 554 2601 suam
568 2540 717 2618 speciem.
734 2537 774 2600 Et
786 2537 863 2599 vidit
874 2538 957 2603 Deus
971 2539 1056 2618 quod
1073 2537 1178 2620 (esset
1194 2538 1202 2618 l
1220 2538 1353 2602 bonum.

256 2651 308 2714 13.
325 2648 366 2711 Et
377 2648 436 2710 fuit
448 2664 580 2728 vespera
597 2652 628 2708 et
651 2646 712 2708 fuit
723 2664 826 2722 mane,
843 2646 909 2708 dies
922 2649 1047 2711 tertius.

255 2760 307 2821 at.
324 2756 365 2818 Et
376 2756 456 2819 dixit
469 2755 563 2818 Dens:
580 2755 642 2818 sint
656 2755 822 2848 luminaria
834 2756 865 2819 in
877 2758 1059 2846 extensione
1072 2759 1164 2837 coeli,
1177 2766 1213 2820 nt
1223 2755 1363 2819 dividant
1386 2756 1437 2816 in-

88 2952 90 2956 ·
214 2873 265 2931 ter
278 2865 362 2928 diem
376 2872 410 2928 et
424 2865 506 2927 inter
519 2869 657 2937 noctem,
672 2870 704 2926 et
718 2863 827 2925 sintin
842 2864 930 2942 signa
945 2872 977 2926 et
990 2872 1133 2944 tempora
1147 2873 1179 2925 et
1192 2863 1258 2925 dies
1273 2874 1305 2925 et
1318 2854 1433 2925 annos.

255 2975 307 3038 15.
322 2973 363 3037 Et
376 2973 440 3036 sint
454 2982 490 3037 ut
503 2973 669 3058 luminaria
684 2975 716 3035 in
730 2972 913 3036 extensione
926 2973 1057 3051 coeli‚nt
1071 2973 1249 3036 illuminent
1262 2990 1358 3052 super
1372 2979 1438 3033 ter-

145 3092 149 3097 ·
213 3097 295 3145 ram.
310 3079 407 3144 Etita
421 3081 490 3144 fuit.
539 3082 541 3084 ’

256 3190 306 3253 16.
322 3187 362 3254 Et
377 3189 452 3253 fecit
465 3189 548 3253 Dens
562 3189 627 3254 duo
640 3206 756 3268 magna
772 3188 1106 3268 luminaria‚luminare
1120 3186 1220 3249 maius
1234 3190 1269 3250 ut
1280 3194 1442 3266 praeesset

214 3295 289 3376 diei,
303 3304 336 3358 et
349 3298 504 3360 luminare
518 3297 624 3361 minus
638 3299 647 3378 (
662 3299 710 3360 vel
721 3315 858 3378 parvum
872 3297 881 3377 )
898 3305 933 3361 nt
947 3305 1107 3378 praeesset
1118 3297 1215 3368 nocti,
1229 3301 1260 3357 et
1273 3295 1392 3358 stellas.

250 3407 302 3468 17.
318 3404 358 3468 Et
370 3392 477 3484 posuit
491 3421 527 3467 ea
541 3406 573 3467 in
588 3406 772 3468 extensione
784 3406 875 3482 coeli,
891 3412 926 3467 ut
940 3405 1155 3469 illuminarent
1169 3421 1265 3483 super
1282 3409 1410 3466 terram.

253 3512 306 3576 18.
322 3511 362 3575 Et
376 3520 412 3574 nt
424 3522 607 3594 praeessent
621 3515 672 3577 die
683 3531 720 3577 ac
731 3520 834 3590 nocte,
845 3520 877 3575 et
889 3520 925 3576 ut
935 3518 1118 3593 separarent
1130 3512 1213 3574 inter
1224 3491 1327 3574 lucem
1342 3518 1372 3572 et
1385 3510 1438 3572 in-

216 3627 267 3695 ter
282 3621 438 3683 tenebras.
455 3621 495 3684 Et
509 3621 584 3684 vidit
602 3621 686 3685 bens
700 3623 786 3703 quod
804 3621 813 3702 (
829 3620 932 3700 esset)
950 3601 1083 3684 bonnm.

254 3730 305 3792 19.
320 3727 361 3792 Et
374 3728 433 3790 fuit
447 3746 578 3809 vespera
591 3737 624 3792 et
636 3729 696 3792 fuit
708 3711 812 3808 mane,
827 3728 894 3791 dies
908 3716 1050 3808 quartus.

252 3837 304 3898 20.
320 3837 360 3900 Et
374 3838 452 3901 dixit
465 3838 558 3901 Deus:
573 3855 672 3920 aquae
686 3838 865 3917 producant
875 3837 1002 3916 copiose
1018 3835 1142 3916 reptilia
1159 3839 1230 3918 (vel
1245 3842 1386 3898 scateant
1397 3853 1434 3897 a·

209 3958 291 4024 quae
306 3924 482 4022 reptilibus:
499 3962 560 4010 vox
574 3944 708 4007 hebraea
722 3927 986 4024 significatpisces
998 3950 1027 4006 et
1042 3943 1174 4025 reptilia
1185 3941 1342 4025 aquatilia
1355 3941 1363 4021 )
1374 3942 1440 4003 ani·

206 4051 305 4114 malie
317 4053 463 4131 viventia3
477 4059 508 4116 et
522 4051 742 4118 voletvolatile
754 4069 850 4132 super
862 4059 989 4129 terram,
1003 4070 1098 4132 super
1119 4052 1230 4115 faciem
1246 4051 1439 4114 extensionis

209 4161 299 4224 coeli.
318 4161 432 4243 (Vulg.
448 4161 505 4225 snb
518 4163 714 4242 firmamento
727 4160 841 4242 cocti.)

246 4267 298 4328 21.
313 4268 353 4332 Et
367 4269 483 4332 creavit
496 4268 579 4332 Deus
594 4273 662 4330 cete
674 4267 805 4346 grandia
819 4267 949 4350 (magno
962 4265 1137 4350 odontitis)
1158 4271 1190 4327 et
1203 4282 1297 4328 omne
1315 4264 1434 4326 animal

204 4365 325 4455 vivens,
341 4391 464 4456 repens,
480 4391 561 4455 qnae
578 4372 764 4456 (animalia)
779 4393 878 4457 aquae
889 4374 1108 4456 produxerunt
1119 4373 1245 4454 copiose
1257 4374 1343 4436 iuxta
1359 4390 1430 4452 spe·
1461 4368 1463 4370 ’
