2970 5002
1233 290 1275 358 99

61 412 236 504 produxit,
259 421 417 488 tribuisse.
453 425 515 490 Cur
536 420 611 488 boel
632 416 814 507 Respondet
834 418 1045 490 Mazzocabius
1064 429 1090 489 ¹.
1115 427 1183 492 nld
1203 431 1276 510 quin

59 548 78 593 a
105 533 177 613 lpse
201 548 258 613 per
279 549 313 594 so
335 535 464 598 molitus
485 541 552 610 est,
578 533 666 596 nulla
700 534 887 614 approbatio
909 536 1063 616 sequitur.
1087 534 1278 617 Praeparota

62 656 81 699 n
104 641 216 702 deindo
237 643 367 706 materia
391 640 557 716 universa,
579 641 706 721 singula
727 659 807 722 pane
831 658 928 722 opera
957 646 1109 710 creaturis
1132 647 1276 709 iacienda

63 764 77 802 a
103 743 235 823 locasse,
251 737 301 805 bio
321 751 352 806 et
374 744 407 806 in
422 743 628 825 sequentibus
643 742 805 819 scribitur,
822 752 867 807 ut:
884 746 1035 825 permittet
1053 755 1178 812 terra...
1195 750 1273 812 item
1360 784 1362 789 ·

36 839 38 842 ’
64 862 78 908 n
100 851 186 912 alibi:
211 852 386 930 producent
407 869 506 932 aquiro
528 849 682 930 reptile...
705 856 737 912 et
759 867 885 914 rursum
906 852 992 914 alibi:
1012 853 1165 935 producut
1188 864 1278 920 terro

64 961 236 1022 atramento
256 968 285 1022 et
307 960 448 1042 reptilia.
473 959 542 1022 lion
564 959 678 1022 mirum
700 974 775 1039 ergo
794 962 822 1023 si
842 961 953 1025 eadem
974 978 1080 1043 opera,
1106 970 1277 1045 postquam

62 1068 191 1131 aluere
223 1071 314 1145 iacta,
351 1071 390 1131 ad
413 1067 488 1130 artis
509 1083 605 1147 suae,
629 1069 649 1130 i.
670 1086 698 1130 e.
722 1069 845 1133 divinae
868 1071 1037 1151 sapientiae
1059 1072 1185 1150 regulas
1217 1089 1277 1135 ex-

58 1198 76 1238 n
101 1179 214 1255 egisse,
238 1190 275 1238 ao
296 1177 425 1238 demam
440 1172 620 1257 probavisse
635 1178 757 1239 dicatur
769 1195 940 1258 supremus
957 1176 1089 1241 Artifex.
1105 1196 1124 1238 a
1139 1178 1182 1241 lta
1198 1197 1275 1242 eon·

59 1285 177 1347 firmari
199 1286 333 1360 ridetur,
349 1285 588 1366 productionem
602 1285 689 1349 illam
704 1287 787 1351 Coeli
802 1297 834 1351 et
847 1294 947 1351 terrae
961 1289 1003 1370 (ν.
1021 1287 1064 1367 1.)
1080 1305 1185 1351 veram
1199 1288 1275 1368 iuis·

59 1410 95 1454 se
116 1393 329 1470 creationem,
352 1409 415 1457 nou
436 1410 511 1463 raro
531 1397 577 1458 sic
598 1397 841 1477 productionem
861 1399 942 1461 lucis
974 1399 1033 1462 bac
1055 1398 1157 1479 prima
1178 1398 1244 1462 dic:

96 1503 213 1564 Diuisit
227 1503 357 1566 laeena
373 1504 643 1587 tenebrialvulg.)
659 1505 824 1588 Separooit
838 1508 921 1572 inter
936 1507 1033 1571 lucem
1049 1517 1079 1572 et
1089 1509 1174 1572 inter
1190 1519 1274 1574 tene-

59 1612 132 1676 bras
157 1611 276 1694 (liebr.)
299 1611 381 1676 llaec
413 1614 577 1696 lineasque
601 1615 694 1679 dietis
716 1616 844 1679 minimo
865 1625 1081 1697 opponuntur.
1097 1617 1167 1680 Non
1188 1619 1274 1680 enim

59 1728 175 1796 narrat,
189 1721 290 1784 lucem
312 1724 344 1784 in
366 1738 428 1785 uua
448 1722 535 1785 Coeli
550 1721 642 1804 plaga
663 1729 776 1799 ortam,
792 1725 824 1787 in
839 1724 1019 1805 oppositam
1032 1722 1187 1787 occidisse
1202 1733 1274 1806 past

59 1832 152 1894 hores
163 1831 343 1894 duodecim.
360 1831 416 1903 Qui
440 1831 518 1893 haee
531 1831 652 1914 dicunt,
668 1846 732 1895 nou
746 1849 782 1895 ea
796 1839 880 1895 certe
894 1834 1066 1896 hauserunt
1080 1850 1120 1895 ex
1146 1834 1275 1912 Genesi,

57 1941 112 2002 sed
127 1958 166 2002 ex
179 1941 230 2002 illa
247 1940 457 2022 propensione
477 1942 591 2004 trientis
614 1949 740 2003 nostrae
754 1957 817 2021 qua
832 1957 925 2022 saepe
935 1942 975 2002 de
987 1940 1082 2003 rebus
1098 1941 1231 2012 remotis
1241 1949 1276 2021 et

58 2049 165 2110 sensui
186 2049 317 2127 ignotis,
335 2067 374 2111 ex
396 2048 614 2128 praesentibus
629 2056 661 2110 et
673 2049 809 2127 cognitis
823 2050 1013 2112 iudicamus.
1026 2048 1187 2110 Sententia
1201 2047 1271 2112 llo-

58 2156 101 2217 sis
124 2157 278 2234 generalis
299 2164 357 2219 est:
383 2157 444 2235 ibit
469 2157 542 2218 luco:
565 2172 715 2235 quaenee
730 2158 770 2218 ad
793 2157 940 2233 iudaeam
955 2155 1089 2219 refertur
1110 2173 1213 2236 neque
1227 2156 1269 2218 ud

57 2264 250 2342 Aegyptum,
274 2263 374 2340 magis
397 2280 493 2343 quem
515 2262 555 2325 ed
569 2262 725 2326 blexicum
746 2271 802 2326 aut
821 2262 861 2324 ad
875 2263 1108 2344 Marylandiam.
1123 2264 1272 2326 Praeser-

60 2371 212 2432 timeum
234 2370 320 2433 nulla
343 2380 418 2432 tuuc
438 2373 546 2451 regio,
569 2371 657 2433 nulla
677 2370 777 2434 insula
802 2381 856 2434 aut
879 2373 1044 2434 continens
1066 2379 1149 2434 terra
1169 2370 1273 2432 hebe-

61 2474 306 2559 returliasilius,
315 2476 477 2560 Nissenus,
490 2476 667 2561 [mxlvi
683 2475 867 2560 pri·em,et
881 2479 1053 2559 Procopius
1064 2477 1202 2541 Gaaaeus
1215 2478 1269 2542 lu-

59 2604 130 2649 cem
149 2587 236 2650 illam
258 2587 374 2669 ubique
396 2588 541 2652 diffusam
561 2595 761 2670 putaverant.
789 2587 1036 2652 «illustrabatur
1056 2592 1122 2663 abr,
1142 2589 1187 2650 ait
1208 2588 1274 2650 Ba·

59 2720 76 2760 «
101 2697 189 2760 silius
207 2698 236 2776 2,
255 2699 319 2761 imo
341 2698 529 2779 permixtam
550 2698 609 2762 sibi
632 2697 735 2761 lucem
759 2697 906 2777 habebat,
927 2698 1048 2760 celeres
1070 2695 1202 2775 trigoris
1226 2700 1276 2762 oi·

62 2831 77 2866 a
99 2807 304 2870 stributiones
326 2808 366 2868 ad
386 2818 462 2868 snos
484 2806 583 2886 ipsius
604 2807 755 2867 terminos
777 2820 1014 2886 quaquaversus
1041 2806 1273 2883 transmittens,

58 2937 76 2978 a
100 2930 227 2979 sursum
249 2915 341 2992 enirn,
359 2915 398 2976 ad
420 2915 523 2996 ipsum
545 2932 645 2995 usque
666 2914 791 2976 aetbcre
812 2923 845 2976 et
868 2928 968 2995 usque
987 2914 1028 2976 ed
1047 2914 1173 2977 coelum
1195 2918 1272 2994 per-

58 3042 75 3086 n
101 3026 199 3101 venit,
225 3027 255 3087 in
280 3025 444 3087 latitudine
467 3038 577 3087 omnes
598 3024 708 3087 muudi
730 3019 861 3104 partes,
883 3030 950 3087 tum
970 3023 1169 3111 aquilonares
1200 3031 1271 3086 turn

57 3134 251 3198 «australes
283 3145 349 3196 inm
383 3133 551 3195 orientales
586 3138 653 3194 tum
685 3131 919 3209 occidentales,
958 3132 988 3193 in
1010 3130 1096 3191 brari
1118 3133 1273 3208 temporis

62 3269 75 3306 a
100 3252 260 3309 momento
288 3241 525 3304 illuminabat.»
547 3240 709 3303 Consentia
732 3239 929 3301 Ambrosius.
956 3235 1191 3316 aResplenduit
1210 3253 1273 3299 su-

59 3376 74 3412 «
98 3356 163 3418 bito
186 3357 256 3430 adr,
281 3357 527 3432 et'expaverunt
549 3348 696 3411 tenebrae
718 3349 790 3411 nori
812 3346 939 3410 luminis
960 3345 1118 3408 claritate:
1142 3361 1271 3425 repres-

60 3487 74 3519 «
98 3465 139 3526 sit
161 3470 212 3524 e‘as
235 3469 267 3524 et
287 3462 376 3542 quasi
398 3461 429 3522 in
450 3458 581 3538 abyssos
603 3457 752 3520 demersit
773 3463 902 3538 repente
920 3472 979 3537 per
992 3454 1142 3517 universo
1162 3453 1271 3516 mundi

62 3597 77 3632 a
102 3573 207 3652 fulgor
228 3573 306 3635 lucis
327 3572 493 3634 inlusus.»
516 3567 601 3632 loen.
618 3568 830 3632 Damascanus
841 3565 925 3630 idem
941 3565 1057 3628 sentire
1068 3581 1103 3626 se
1117 3565 1266 3639 ostendit,

54 3701 129 3747 nam
152 3700 226 3746 cum
246 3681 359 3744 anilio
382 3681 481 3742 credit
501 3678 561 3740 diei
583 3695 619 3740 aa
641 3679 743 3741 noctis
757 3676 992 3740 distinctionem
1008 3691 1045 3738 eo
1062 3682 1203 3751 ternpore
1218 3672 1268 3732 la·

58 3818 72 3853 «
97 3801 181 3856 etam
202 3791 350 3871 effusione
372 3790 450 3853 laicis
463 3797 491 3854 et
505 3788 725 3866 contractioris,
741 3806 797 3851 seu
813 3797 848 3852 ut
862 3785 991 3879 exponit
1006 3781 1192 3846 Eustachius
1207 3779 1269 3843 aa·
1299 3820 1301 3825 -

53 3905 115 3969 silii
143 3907 319 3984 interpres,
341 3899 506 3978 diffusione
525 3897 714 3981 principalia
737 3898 863 3963 taurinis
883 3895 971 3956 modo
994 3908 1026 3954 se
1048 3890 1264 3968 stibdueentt'a,

55 4013 145 4077 inodo
166 4013 263 4076 dentre
285 4010 473 4071 redimentis.
495 4007 539 4070 lta
564 4008 673 4071 lustini
696 4007 822 4069 nomine
846 4003 968 4081 vulgata
995 4002 1065 4065 noei
1089 4001 1244 4083 expositio
1257 4045 1265 4079 ‚

88 4273 106 4323 2
126 4271 220 4337 Spicil.
240 4269 328 4323 biblio.

89 4372 103 4418 t
126 4371 202 4421 llam.
223 4371 256 4422 ii.
275 4369 302 4420 in
321 4369 441 4430 Homini,
460 4366 490 4420 T.
511 4362 530 4419 i.
550 4379 576 4432 p.
599 4365 639 4429 ro,
660 4364 695 4417 20
712 4362 782 4420 Edit.
800 4359 885 4420 Mauri

1036 4463 1051 4492 ξ
