2970 5002
207 249 267 321 vii

251 391 328 458 xti.
344 386 439 456 Nuiiu
453 388 538 471 apud
558 380 665 452 diesen
681 384 803 453 mentio
816 391 863 446 esi
876 381 988 451 ‹ieidiis
1003 376 1087 461 vitius
1112 383 1208 462 ideis,
1237 384 1432 472 minimeque

212 499 396 580 comprimi
419 497 482 560 diei
505 497 577 558 iura
603 493 857 573 comparandae,
881 511 978 572 quam
1001 491 1237 560 secuuduiiuie
1264 495 1432 561 tribuimus

215 612 272 694 (et
294 611 387 671 tertio
414 602 629 682 tribuemus),
651 603 697 665 uti
720 621 778 666 uec
792 603 1008 684 praecedentis
1034 602 1247 680 obscuritatum
1272 605 1336 668 uisi
1353 607 1431 670 diea-

214 737 288 783 mus
310 726 479 796 utramque
499 729 573 780 eum
596 712 736 775 iudicare
761 707 892 778 vocibuis
914 709 977 774 diei
992 738 1004 785 ,1
1015 727 1129 785 mae,
1153 718 1183 774 et
1204 714 1430 793 vesperequud

216 803 371 891 eav'vuue
384 822 560 906 probasne.
587 821 704 887 sautem
723 820 875 883 terminus
891 819 984 898 primi
999 818 1358 899 nicromanticum
1378 822 1430 888 0u-.

218 936 413 999 seuvitetem.
426 931 576 996 Secundo
588 937 694 995 autam
708 947 744 993 ae
760 930 856 993 tertio
867 929 920 992 die
933 930 1039 993 iucem
1053 928 1193 1008 utiquam
1210 928 1322 1008 inisse,
1346 947 1428 1000 corna

219 1042 326 1111 inuitis
339 1049 388 1106 esi
409 1040 583 1104 Doctorum
596 1039 765 1106 sententia.
780 1037 905 1105 ituriae
917 1054 1006 1101 muna
1021 1053 1146 1114 nouum,
1172 1036 1279 1115 prime
1293 1036 1364 1104 ivm?
1384 1056 1430 1100 uv-

214 1169 311 1231 spere
321 1148 436 1230 puicu,
461 1141 593 1213 Reddita
622 1146 682 1210 inec
701 1146 775 1226 [ecit
785 1167 795 1206 .·
809 1146 854 1211 aii
873 1145 989 1210 Marius
1015 1145 1119 1211 Victor
1134 1194 1141 1225 ‚
1156 1162 1256 1223 agens
1270 1146 1312 1207 de
1326 1145 1377 1209 die
1390 1165 1431 1209 sa·

222 1258 341 1323 cundo.
351 1255 391 1320 iii
403 1273 479 1321 sanc
492 1259 631 1338 aliquam
646 1273 686 1316 ex
699 1257 747 1320 ivis
760 1255 872 1321 diebus
885 1255 1032 1320 mosaicis
1046 1256 1116 1322 siue
1131 1255 1200 1317 inec
1213 1271 1347 1338 ponere,
1360 1256 1430 1323 idern

223 1386 293 1431 esse
306 1369 443 1444 videtur,
458 1385 496 1430 ae
510 1385 629 1448 ponera
641 1353 726 1432 diam
741 1369 808 1431 siue
822 1366 872 1430 die
887 1367 928 1449 (v.
942 1365 987 1446 5).

264 1477 356 1544 Dices
373 1477 507 1541 fortasse
519 1491 640 1557 :opera
651 1495 731 1558 quae
746 1479 954 1552 indicavimus
978 1480 1144 1559 requirunt
1157 1479 1298 1558 spatium
1321 1487 1428 1558 tempu·

226 1586 272 1650 ris
294 1584 381 1651 certe
405 1603 469 1651 uno
498 1586 549 1648 die
572 1587 669 1650 coluri
693 1586 787 1666 ionga
813 1588 1006 1651 diuturnius.
1034 1589 1104 1668 ipse
1141 1598 1248 1651 auiam
1283 1589 1334 1651 soi
1360 1589 1430 1650 dien

224 1697 407 1775 inducebat,
421 1713 614 1777 quamquam
636 1695 749 1759 faciem
772 1697 878 1760 ieiiuri
900 1714 966 1762 nou
993 1699 1185 1760 ostenderet.
1210 1697 1297 1776 iirgo
1320 1717 1427 1760 saeuu-

227 1807 288 1871 dus
314 1807 365 1870 hie
385 1808 454 1869 dies
475 1823 538 1869 non
563 1806 622 1869 suit
645 1806 789 1887 proiecto
814 1798 882 1871 dies'
907 1825 1014 1887 uuus,
1039 1826 1098 1871 nee
1124 1826 1191 1870 uno
1213 1815 1341 1871 mutum
1354 1824 1432 1870 manv

230 1915 376 1997 inceptus
395 1917 520 1995 unique
545 1932 677 1995 vespera
703 1916 898 1999 conclusus,
915 1917 1110 1994 sedsummc
1132 1916 1309 1980 muitarum
1321 1925 1351 1978 ei
1363 1930 1431 1976 varo

117 2100 120 2103 ,
229 2025 444 2106 plurimorum
472 2025 621 2106 dierum,
650 2042 788 2107 quorum
812 2029 1030 2108 unusquisque
1055 2045 1149 2091 suum
1170 2043 1267 2089 mane
1294 2042 1434 2106 suumque

107 2189 112 2209 ,
231 2151 396 2211 vesperam
420 2135 542 2199 imbuit.

208 2310 214 2320 ,
272 2245 359 2306 Hane
382 2243 599 2307 difliauiiutam
621 2245 683 2306 iam
707 2246 1007 2325 praeoccupavimus
1022 2245 1054 2307 in
1070 2245 1334 2325 praecedentibus
1351 2246 1378 2326 (ξ
1391 2243 1433 2319 iii,

233 2353 289 2416 iiii
303 2351 325 2432 i.
349 2355 425 2416 Prae
443 2353 545 2416 oculis
567 2368 694 2433 semper
713 2353 829 2416 babere
850 2355 1004 2417 dabamus
1027 2355 1057 2415 in
1072 2354 1165 2417 buius
1187 2353 1299 2437 capitis
1323 2354 1435 2434 exposi-

234 2462 323 2524 tione
346 2461 477 2523 effatum
502 2460 675 2538 Augustini
701 2466 726 2522 1:
745 2480 763 2521 c
779 2461 843 2524 Nec
868 2461 1023 2530 iiiosdies
1047 2463 1128 2524 sicut
1150 2465 1230 2526 istos
1252 2463 1391 2528 soleres.
1408 2505 1434 2522 ..

233 2568 374 2645 cogitare
394 2568 559 2630 debemus.
585 2586 604 2629 n
628 2568 791 2631 Praeterea
805 2570 987 2632 meminisse
1008 2577 1154 2650 oporiet,
1183 2587 1248 2632 non
1265 2571 1316 2631 bie
1339 2569 1437 2632 Mosen

235 2676 372 2740 bominis
394 2676 527 2738 alieuius
549 2685 605 2739 aut
626 2678 738 2757 popuii
761 2684 816 2741 aut
841 2679 1003 2757 regionis,
1032 2679 1088 2746 sed
1110 2681 1208 2748 totius
1228 2679 1320 2760 picbi
1349 2688 1438 2743 mvta-
1479 2735 1481 2738 a

238 2780 312 2845 stris
335 2784 522 2847 historicum
541 2801 650 2862 agere.
677 2785 781 2857 Quum
809 2787 848 2849 de
877 2787 1043 2850 bominum
1070 2787 1202 2849 historia
1228 2785 1442 2864 tractabit,si

237 2890 320 2954 diem
343 2891 395 2952 iiie
420 2889 468 2953 vei
493 2899 611 2957 noctem
627 2895 872 2970 memoraverit,
899 2893 1111 2972 inieiiigemus
1127 2896 1190 2957 diei
1213 2895 1273 2958 boe
1288 2894 1440 2972 duvagiu-

238 2999 350 3064 neubi
375 3000 422 3067 iiii
447 3002 599 3063 evanida
624 3003 741 3083 quibus
762 3004 857 3065 verba
881 3001 984 3066 saciet.
1006 3005 1142 3076 iiuaudo
1164 3004 1247 3078 dicei
1270 3020 1322 3066 ex.
1345 3021 1391 3082 gr.
1414 3001 1442 3065 d.

239 3109 331 3187 iiiii,
358 3110 575 3175 Abrahamum
604 3120 692 3176 nocie
714 3113 844 3175 irruisse
866 3113 897 3175 in
928 3130 982 3177 eus
1003 3101 1060 3195 qui
1082 3114 1139 3176 Lui
1170 3113 1334 3194 captivum
1359 3114 1446 3175 divea-

240 3221 342 3299 bani,
364 3237 459 3283 nemo
481 3238 547 3284 nou
571 3221 663 3284 iaciie
688 3223 845 3300 intelliget
871 3224 901 3285 iu
927 3224 980 3284 ilia
1004 3223 1074 3304 ipsa
1092 3225 1311 3301 regioncionc
1325 3230 1447 3285 noctem

241 3329 360 3408 inisse,
386 3349 450 3393 non
476 3347 549 3392 vero
564 3331 651 3410 apud
674 3335 742 3394 eius
768 3332 956 3412 Antipcdas.
978 3333 1021 3394 di
1043 3334 1152 3396 invii
1171 3332 1206 3395 C.
1221 3332 1244 3394 i..
1262 3333 1304 3394 de
1316 3346 1448 3413 quamn

243 3439 373 3515 regione
396 3439 499 3511 Moses
522 3440 697 3520 ioqnituv‘i,
714 3443 823 3504 Omnia
844 3451 960 3523 pontus
983 3451 1086 3510 eruut,
1100 3441 1135 3503 in
1149 3458 1251 3523 aqueu
1278 3441 1337 3509 iiio
1366 3439 1472 3520 giobo*

243 3565 370 3627 sempev
388 3566 427 3611 ex
447 3565 511 3629 quo
526 3550 602 3612 solis
624 3552 678 3624 iux
703 3551 857 3631 adparere
876 3552 1001 3631 coepit,
1028 3553 1095 3614 dies
1120 3560 1207 3630 erui,
1235 3552 1280 3622 uvi
1310 3558 1358 3614 et‘
1374 3566 1450 3613 nuuc

246 3663 295 3717 vsi
311 3658 343 3718 in
366 3656 463 3735 giobo
485 3667 671 3737 terraenae,
698 3659 793 3721 etiarn
815 3639 891 3733 dum
914 3639 1201 3732 eoelumsnubibus
1228 3659 1371 3738 tegitur,
1399 3656 1454 3722 uisi

226 3767 325 3834 siavia
344 3769 476 3832 insciita
501 3769 606 3850 uiiqua
634 3786 728 3831 causa
749 3769 853 3832 iucem
874 3770 950 3842 solis
967 3770 1086 3839 adimat
1112 3766 1350 3850 hemisphaerio
1373 3766 1453 3851 quud

237 3883 314 3965 tuuc
340 3879 551 3950 iiiumiuaium
574 3896 644 3940 esse
666 3879 812 3941 debarai:
842 3879 901 3942 iuva
929 3897 1005 3942 veno
1027 3897 1122 3942 eausa
1139 3878 1454 3960 praecisumoaqui·

237 3985 310 4047 dam
337 3987 368 4048 in
393 3991 542 4053 omnibus
567 3989 655 4066 globi
678 3988 835 4070 partibus,
849 3991 905 4052 sad
930 3989 963 4051 in
976 3991 1074 4067 giobo
1089 3997 1197 4051 tamen
1210 3995 1391 4068 perpetuus
1406 3993 1453 4053 est

238 4094 315 4159 dies.
339 4095 383 4159 iia
401 4090 721 4165 ivv'iiaosecundudie
744 4101 795 4165 vei
817 4099 949 4182 periodo
977 4108 1160 4197 ieucvmus3
1185 4102 1257 4177 posi
1283 4113 1451 4179 vespernae

272 4323 284 4371 i
304 4320 344 4375 De
366 4321 433 4374 Gen.
453 4320 490 4374 nd
508 4322 550 4376 tit.
569 4326 600 4378 L.
619 4327 650 4378 v.
665 4339 688 4379 v·
707 4326 732 4382 d.
