2970 5002
235 293 274 357 to

235 429 298 490 hus
320 425 515 505 sedimento,
537 443 601 488 non
622 440 696 486 raro
716 423 756 484 de
778 420 910 484 terronis
927 419 1105 487 iussililerie
1126 424 1312 502 generatim,
1336 442 1455 490 conce-

238 537 270 598 di
283 543 399 615 potest.
417 536 456 598 tn
469 535 605 611 mittam,
621 531 821 595 interuallum
834 530 895 593 hoc
908 528 1003 593 heare
1015 528 1163 607 mis
1176 531 1286 610 videri,
1301 552 1455 614 progres-

233 645 298 707 siva
309 640 363 705 illn'
373 642 531 705 tossilium
546 638 729 702 distributio
750 639 862 718 daque
873 637 973 703 locuti
984 653 1109 719 mutus,
1132 639 1260 702 assatio
1273 641 1335 705 huc
1348 643 1453 724 hypo·

237 752 320 814 thasi
338 751 470 811 affectus
491 749 560 811 sine
581 763 706 810 caussa.

275 859 343 920 XX.
368 860 410 919 At
430 858 618 921 accedamus
638 856 678 917 ed
699 854 779 917 sacri
794 861 900 917 uatus
913 853 1156 934 explicationem
1168 873 1278 934 quam,
1294 867 1371 936 post
1390 867 1451 922 tana

197 997 203 1003 ·
235 968 335 1029 multa
348 984 428 1047 quaa
443 966 677 1045 praemisimus,
698 963 875 1026 breviorem
888 961 1124 1041 facilioresque
1138 961 1278 1025 futuram
1291 966 1433 1031 conlido.

189 1099 192 1105 ¹
225 1085 228 1089 ’
279 1077 370 1138 «Sex
395 1075 518 1137 dierum
542 1074 671 1137 illorum
694 1072 908 1137 narrationem
931 1086 971 1132 ao
995 1069 1234 1150 dispositionem
1247 1090 1396 1152 omnem,
1412 1077 1450 1138 ait

192 1242 194 1245 .
239 1185 464 1263 «Theophilus
484 1183 702 1246 antiochenus
720 1185 747 1256 ¹,
771 1196 864 1246 namo
886 1198 946 1260 pro
965 1180 1118 1258 dignitate
1142 1188 1247 1259 potest
1266 1199 1446 1261 emanere,

234 1315 252 1357 a
266 1295 362 1355 neesi
375 1293 497 1354 infinita
512 1294 709 1372 quidemora
733 1291 935 1370 infinitasque
946 1291 1068 1367 linguas
1083 1290 1206 1357 haheat:
1234 1293 1290 1353 sed
1303 1295 1446 1372 nequest

239 1423 253 1456 a
275 1401 521 1462 innumerabiles
542 1417 642 1464 annos
664 1399 724 1462 hac
747 1400 856 1462 inrita
868 1398 1031 1475 transigat,
1046 1399 1248 1461 idoneuserit
1261 1400 1302 1460 ad
1316 1401 1390 1477 ista,
1406 1403 1445 1464 uti

242 1531 257 1568 a
278 1526 336 1589 par
357 1516 416 1586 est,
432 1509 621 1589 explicanda
643 1531 674 1571 a.
688 1508 758 1586 Ego
770 1517 855 1572 cette
868 1525 926 1569 ane
936 1509 1159 1590 producitete
1184 1509 1271 1569 illam
1296 1528 1402 1590 neque
1416 1519 1444 1572 ut

236 1595 294 1700 par
307 1629 391 1681 esset
402 1636 561 1698 exponere
575 1618 673 1681 valeo:
690 1627 831 1682 attamen
845 1618 878 1680 id
892 1634 990 1680 conor
1007 1618 1109 1679 lacere
1138 1635 1197 1697 pro
1223 1618 1362 1681 modulo
1372 1637 1446 1690 meo,

240 1730 326 1808 quod
359 1730 426 1790 suis
447 1729 645 1809 temporibus
663 1729 796 1790 Basilius
817 1744 972 1805 magnus,
994 1726 1132 1806 diplom
1167 1729 1288 1806 Syrus,
1320 1728 1446 1793 loannes

237 1839 493 1918 chrysostomus,
518 1838 728 1915 Ambrosius,
750 1837 946 1913 Augustinus
975 1835 1092 1916 aliique
1114 1855 1156 1898 ss.
1182 1837 1240 1898 PP.
1272 1835 1444 1915 lamabant,

240 1948 390 2028 quodque
411 1955 532 2007 remees
546 1946 723 2023 ,Theologn
745 1946 827 2006 iuter
848 1962 931 2024 quos
951 1964 993 2008 ss.
1017 1946 1153 2008 Thomas
1174 1956 1206 2005 ct
1228 1945 1442 2007 &deventura

237 2058 484 2137 praestiterunt,
508 2073 623 2133 nempe
645 2065 680 2116 ut
701 2055 924 2116 hodiernorum
946 2063 1039 2116 utens
1062 2053 1227 2133 praesidiis
1248 2057 1446 2118 scientiarum

232 2164 328 2226 llosis
351 2165 566 2227 narrationem
584 2165 742 2225 elucidem
754 2171 850 2243 atquc
864 2179 1033 2243 exponam;
1049 2179 1130 2242 quae
1145 2162 1284 2224 narratio
1304 2166 1444 2241 quamne

233 2271 368 2350 simplex
394 2274 435 2331 sit
456 2289 515 2332 trec
534 2270 574 2331 ad
599 2269 707 2332 lucum
727 2271 891 2348 amenta,
914 2288 963 2332 res
984 2277 1087 2334 nmen
1103 2272 1263 2350 *maximas
1283 2280 1319 2332 et
1341 2275 1447 2333 arduas

234 2382 396 2459 continet,
426 2381 520 2441 etiam
543 2381 628 2441 iuxta
651 2379 942 2458 litteramaocepta.
970 2379 1132 2458 spiritales
1153 2397 1266 2441 sensus
1289 2382 1349 2459 qui
1369 2383 1445 2442 litta-

237 2491 298 2549 rali
320 2487 578 2566 superadduntur
601 2504 666 2549 non
686 2494 761 2549 suut
773 2488 901 2566 quidem
915 2489 1108 2570 spernendi,
1130 2490 1195 2552 imo
1215 2498 1291 2554 sont
1305 2508 1445 2553 nonom-

235 2601 331 2677 qua'm
356 2597 521 2674 permagni
535 2587 732 2657 aestimandi:
748 2613 861 2659 verum
881 2597 922 2658 da
944 2597 994 2659 his
1014 2613 1108 2673 agere
1129 2607 1255 2660 nonest
1285 2598 1382 2662 huius
1397 2596 1445 2659 loci

238 2707 292 2767 uhi
317 2723 373 2766 sex
392 2705 515 2767 dierum
538 2703 701 2784 opificium
722 2705 957 2769 iuxtalittaraan
975 2708 1200 2785 exponendum
1223 2709 1361 2786 sumpsi.

272 2833 291 2876 a
306 2813 613 2876 Patrurnsentantias
628 2813 767 2876 adieram
780 2816 895 2896 {dicam
909 2816 1031 2877 cumei.
1043 2815 1188 2894 praesule
1199 2814 1338 2894 losepho
1348 2815 1441 2893 Rossil

234 2938 298 2982 non
322 2938 376 2983 aas
400 2931 530 2997 tamen,
553 2939 634 3000 quae
655 2923 694 2983 ad
715 2940 766 2983 rea
794 2922 939 3009 physicas
960 2930 993 2983 nt
1012 2924 1239 2986 astronomicas
1265 2925 1437 3002 pertinent:

234 3047 308 3091 nam
330 3029 457 3091 Petrum
480 3037 583 3091 aetate
604 3029 716 3091 talium
736 3046 843 3091 rarum
864 3031 1003 3107 cognitio
1024 3032 1112 3095 rudis
1128 3031 1236 3094 adhoc
1255 3041 1326 3093 erat
1345 3042 1380 3095 et
1400 3036 1441 3094 in·

233 3138 358 3201 choata:
383 3137 460 3198 haec
484 3145 594 3216 postea
614 3140 719 3217 coepit
740 3137 850 3216 perlici
870 3138 1133 3218 philosophorum
1153 3140 1292 3204 solania:
1328 3140 1443 3222 partiri·

233 3255 287 3307 tnr
307 3249 339 3307 in
362 3247 431 3308 dies
450 3257 482 3308 et
502 3265 566 3328 quo
590 3249 751 3326 perticitur
772 3248 894 3324 magis,
917 3265 957 3311 ao
977 3248 1161 3313 hexaemeri
1193 3250 1326 3313 scientia
1351 3252 1440 3330 magis

234 3339 420 3433 explicatur.
435 3356 544 3417 Veniet
558 3365 682 3436 tempus
705 3355 770 3438 quo
784 3357 939 3437 profunda
955 3367 1084 3420 naturae
1099 3357 1266 3436 patefiant;
1286 3369 1322 3422 et
1336 3351 1443 3442 posteri

239 3559 255 3590 a
275 3543 347 3594 aione
365 3542 408 3594 sia
425 3550 522 3595 venata
540 3557 554 3593 a
574 3557 639 3609 poco
656 3557 670 3594 n
689 3531 755 3617 poco
773 3545 834 3597 nell·
845 3545 986 3598 intervallo
1003 3546 1031 3597 di
1049 3547 1117 3598 1656
1145 3545 1208 3601 anni
1231 3545 1301 3598 dalla
1322 3550 1445 3603 creazioaa

232 3654 247 3687 u
266 3637 320 3689 iino
348 3624 375 3688 al
393 3625 513 3699 dilavio,
543 3631 618 3690 etih
646 3639 729 3694 anche
757 3637 808 3691 cati
832 3641 992 3694 atornutva
1020 3642 1211 3704 oscilluioai,
1238 3622 1368 3701 sistartia
1396 3645 1443 3703 siau

229 3748 247 3785 a
263 3732 424 3800 equilibrato
435 3733 505 3785 uella
515 3733 652 3797 postulone
669 3737 697 3786 in
714 3737 758 3787 atti
776 3737 802 3787 sl
821 3744 893 3789 trove
910 3745 1152 3803 proseatomoute...
1166 3741 1213 3793 eth
1225 3749 1314 3806 posto,
1335 3743 1361 3798 ln
1378 3757 1443 3810 amat

230 3846 246 3877 a
264 3829 308 3882 del
325 3842 398 3883 mara
416 3843 533 3883 arlauno
563 3840 657 3898 potato
674 3833 843 3885 accumulare
858 3833 906 3898 pit
922 3834 1072 3888 lacrimosa
1090 3837 1168 3890 σιηιέ
1186 3850 1220 3888 su
1237 3799 1382 3893 struti'ual
1399 3854 1442 3909 prr

232 3943 247 3974 a
266 3928 326 3991 prio
344 3943 417 3991 seno,
436 3928 468 3978 ed
487 3929 513 3978 in
531 3930 617 3993 questi
636 3929 776 3994 avtolgma
792 3937 915 3987 sestam
932 3932 1054 3995 tonantii
1070 3931 1098 3984 di
1115 3934 1176 3999 agol
1194 3946 1288 3997 genere
1302 3936 1356 3989 cha
1369 3937 1442 3990 tao·

233 4037 248 4068 e
267 4029 292 4072 te
309 4023 370 4074 aaut
388 4024 481 4088 girante
500 4028 526 4076 ia
544 4018 627 4078 mara.
646 4024 682 4074 La
698 4024 913 4091 repensatione
924 4035 996 4079 moto
1014 4030 1181 4094 mogrmsivo
1195 4028 1380 4085 tuotanncoet
1392 4031 1441 4084 uella

233 4135 250 4165 u
267 4118 475 4183 termenando
494 4123 603 4175 lasciate
620 4128 739 4188 scopant
756 4123 843 4188 qualia
859 4125 946 4176 altura
963 4124 1083 4190 a'que'lta
1096 4121 1224 4186 valtheri
1241 4125 1270 4177 iu
1290 4127 1329 4181 tal
1348 4122 1441 4193 gusia

234 4231 249 4261 u
267 4227 380 4266 aaranno
397 4195 517 4269 formate
532 4217 557 4269 la
576 4229 718 4283 montegaio
736 4219 872 4272 ediscenti
890 4223 917 4272 ai
934 4223 1019 4274 monti
1038 4221 1177 4286 primitivi.
1198 4239 1212 4269 a

267 4311 283 4358 1
303 4314 333 4363 L.
354 4315 389 4365 11.
410 4313 638 4378 annotaturum.
