2970 5002
50 1673 53 1678 ·
84 1649 166 1714 xxi
181 1647 305 1712 Primus
319 1663 427 1712 sacrae
440 1647 624 1730 Scriptum
637 1649 750 1711 libera
772 1649 899 1714 Graecis
910 1650 1027 1717 dicitnr
1038 1639 1158 1736 rivaria,
1176 1658 1264 1738 quod

43 1767 138 1821 conat
151 1759 238 1839 cripe
252 1757 302 1824 rel
323 1755 456 1836 netolic,
480 1759 556 1838 quia
569 1774 588 1819 a
601 1755 782 1820 narratione
797 1758 929 1837 originis
952 1767 985 1824 et
1005 1761 1176 1829 natiuitatis
1192 1774 1280 1834 tum'

44 1869 157 1932 mundi
173 1874 241 1928 tum
255 1867 385 1928 humani
408 1866 533 1944 generis
547 1865 715 1930 exordium
730 1865 829 1931 ducit.
846 1865 916 1930 Non
928 1870 1047 1933 nemini
1059 1872 1180 1952 placuit
1194 1875 1261 1940 Ge-
1378 1884 1379 1890 ’

46 1974 147 2034 nesim
162 1972 361 2053 interpretari
376 1979 482 2036 tarrae
499 1973 662 2055 eripiam,
682 1975 769 2054 qnod
784 1990 849 2038 non
864 1973 989 2040 videtur
1008 1977 1257 2055 admittendum,

47 2080 189 2160 quamvis
209 2096 318 2143 rerum
334 2080 376 2144 sit
389 2081 489 2160 magis
503 2081 544 2144 de
562 2082 830 2150 tellurisnottrae
843 2084 953 2159 natali,
969 2101 1066 2165 qnam
1091 2088 1132 2149 de
1148 2105 1261 2152 rernm

47 2191 192 2254 omnium
208 2187 330 2264 origine
343 2204 437 2267 agere
452 2189 506 2251 hic
517 2189 636 2252 blesen.
652 2190 785 2253 Hebraei
799 2209 818 2251 a
832 2190 936 2270 prima
950 2208 1028 2254 voce
1042 2194 1127 2255 buno
1141 2195 1261 2259 librum

46 2287 345 2393 amantltlllll'tl,
360 2313 419 2384 pru
432 2305 883 2385 receptaconauetudine,qna
894 2305 1105 2371 voluminibus
1115 2325 1159 2370 cac
1168 2312 1265 2389 pritt-

44 2416 137 2498 cipiia
152 2395 259 2476 corum
271 2391 397 2477 coruino
408 2414 580 2494 importaret,
591 2418 626 2474 ut
639 2413 749 2477 scribit
762 2412 974 2496 Hieronymus
994 2418 1023 2478 1.
1223 2399 1228 2407 ⁷

41 2540 47 2549 ‘
86 2524 124 2582 la
136 2520 295 2601 principio
309 2521 429 2584 creavit
444 2522 538 2582 Deus.
556 2519 711 2601 Optimae
732 2520 893 2584 creatione
907 2522 1031 2586 orditur
1042 2523 1166 2601 lloses;
1183 2523 1263 2586 nihil

46 2636 95 2693 cst
110 2630 195 2693 enim
216 2629 301 2708 qnod
317 2628 373 2691 Dei
385 2646 458 2691 oum
477 2628 658 2693 bominibus
672 2629 852 2704 relationes,
867 2648 884 2692 a
898 2631 964 2693 Deo
980 2629 1118 2696 bominis
1142 2632 1262 2712 depen-

46 2739 198 2815 dentium,
229 2755 266 2800 ac
291 2737 346 2801 Ilei
368 2738 575 2815 maiestatem,
599 2738 862 2820 omnipotentiam
886 2746 1056 2820 ceteraque
1076 2757 1151 2804 cnm
1176 2739 1266 2803 illins

48 2849 178 2911 notione
191 2862 336 2910 connexa
360 2847 560 2909 commendet
569 2863 669 2928 aeque
680 2865 717 2909 ac
728 2847 897 2909 creationis
911 2848 1010 2929 notio,
1023 2854 1055 2911 et
1066 2847 1162 2911 creati
1175 2866 1268 2911 mnn-

52 2959 83 3019 di
98 2962 256 3038 aapectus.
273 2957 375 3029 Quare
387 2972 405 3017 a
419 2954 485 3018 Deo
499 2962 640 3018 creatore
651 2955 746 3035 etiam
760 2954 905 3034 symbola
919 2955 1006 3018 Fidei
1023 2956 1192 3020 exordium
1206 2975 1264 3019 su-

50 3071 154 3128 munt:
175 3066 294 3128 creatio
306 3081 381 3128 vero
399 3073 436 3126 nt
458 3062 580 3143 primus
595 3062 669 3126 ildei
679 3058 847 3138 articulus,
863 3063 905 3125 ita
921 3071 953 3124 et
974 3064 1096 3144 primus
1112 3066 1264 3128 historice

50 3179 181 3234 eventus
195 3177 254 3233 est.
267 3168 335 3246 Ilei,
350 3186 445 3250 quem
458 3186 576 3246 unum,
593 3187 702 3232 verum
724 3186 760 3231 ac
774 3169 894 3231 bonnm
916 3168 1104 3247 profitemur
1121 3220 1128 3249 ‚
1150 3177 1268 3231 extan-
1321 3157 1323 3160 ’

49 3279 150 3357 tiam,
173 3294 213 3340 ex
235 3277 295 3339 boc
318 3274 502 3355 aspectabili
522 3275 669 3340 universo
682 3274 893 3338 Tertullianus
907 3275 1044 3339 adstruit
1065 3274 1099 3337 L.
1114 3274 1138 3338 1.
1154 3274 1270 3340 Contra

49 3386 149 3448 More.
163 3383 256 3449 cuins
268 3383 378 3445 lictum
391 3388 424 3444 et
434 3383 687 3447 commentitium
700 3384 812 3461 Deum,
826 3399 922 3465 quern
936 3384 1096 3446 diversum
1108 3401 1128 3446 a
1139 3391 1266 3447 creato-

49 3512 84 3556 re
100 3502 132 3556 et
144 3493 290 3574 ignotum
305 3489 461 3555 haetenus
471 3492 526 3556 ille
536 3493 768 3570 introducebat,
782 3491 841 3557 hae
855 3491 1058 3573 potissimum
1077 3495 1265 3572 exceptione

49 3611 203 3666 removet:
227 3623 246 3666 a
265 3601 365 3668 Deum
380 3620 420 3666 ex
435 3601 585 3683 operibns
598 3603 748 3680 cognosci
768 3600 915 3664 debuisse
928 3603 1062 3666 alicuius
1077 3601 1200 3682 proprii
1214 3601 1266 3662 sni

56 3733 70 3769 a
94 3712 208 3776 muudi
222 3722 254 3776 et
267 3711 404 3778 bominis
418 3719 451 3775 et
465 3710 633 3776 saeculi...
650 3709 751 3776 Unam
764 3713 877 3774 saltem
887 3710 1076 3774 cicerculam
1089 3709 1173 3771 Dens
1186 3706 1267 3770 llar-

54 3839 69 3878 a
90 3820 194 3884 cionis
210 3821 374 3904 propriam
390 3821 561 3901 protulisse
574 3819 739 3900 debuerat,
755 3827 791 3882 ut
805 3835 906 3882 nouus
920 3819 1036 3899 aliquis
1052 3814 1267 3896 Triptolemus

50 3947 68 3987 a
92 3928 340 4007 praedicaretur.
364 3947 383 3988 a
403 3927 483 3991 llinc
503 3933 561 4010 per
574 3926 739 3990 Ieremiam
750 3927 804 4017 Sp.
820 3926 854 3990 S.
873 3925 985 4006 (lt,11
1003 3924 1013 4004 l
1031 3943 1037 3982 :
1055 3923 1107 3985 Dii
1123 3923 1178 4003 qui
1199 3939 1270 3985 cee-

52 4038 99 4101 loc
112 4045 143 4101 et
157 4044 279 4102 terrum
290 4055 350 4099 acu
362 4034 518 4118 fecerunt,
532 4045 664 4117 percont
679 4035 864 4100 deterreat
879 4033 917 4096 dc
930 4032 980 4095 bic
1002 4049 1081 4116 puae
1101 4030 1160 4094 rub
1182 4028 1266 4093 coelo
1370 4061 1373 4068 ·

48 4166 69 4208 a
89 4156 177 4210 aaut.
205 4168 220 4204 a
241 4146 288 4211 Ex
302 4149 467 4225 creaturis,
488 4148 532 4212 ait
544 4147 768 4227 Hieronymus,
783 4142 925 4210 intellexi
938 4142 1133 4220 Creatorem,
1149 4137 1182 4201 et
1202 4153 1262 4218 per

83 4418 101 4472 1
121 4418 233 4486 Querar.
250 4412 322 4471 baba.
342 4412 372 4471 ia
392 4415 460 4472 Gau.
