2970 5002
1231 279 1269 353 et

47 429 241 504 quopropter
253 431 329 487 tuuc
343 430 406 485 tam
418 438 511 485 mene
523 422 582 487 luit
594 437 690 502 quem
700 421 903 500 resperserit
915 421 1111 499 Augustinus
1131 423 1170 485 de
1183 426 1271 488 den.

51 535 93 596 ud
108 532 154 595 tit.
171 533 245 612 L.l,
259 548 289 594 e.
306 534 345 595 10
359 551 378 594 «
393 532 424 594 Si
437 532 497 596 boc
509 531 629 609 dixero,
644 546 755 593 vereor
768 548 807 591 ne
820 531 965 594 derideor
977 539 1009 592 et
1023 531 1063 594 rb
1075 530 1112 594 iis
1127 531 1183 613 qui
1195 548 1270 597 cer·

52 661 72 705 tt
88 641 207 705 tissime
228 648 444 720 cognoverunt
457 647 489 703 et
500 641 541 703 ab
552 640 590 703 iis
604 639 659 722 qui
672 647 805 721 possunt
819 637 967 703 facillime
988 640 1162 717 advertere,
1179 643 1270 724 quod

52 765 75 808 r
87 767 127 813 eo
151 757 295 830 tempore
309 767 375 831 quo
387 766 453 814 nox
462 748 545 830 epod
560 766 618 812 nos
639 755 701 824 est,
715 764 770 810 eas
783 757 889 828 partes
902 746 1014 809 mundi
1026 746 1209 828 praesentis·
1223 749 1273 813 lu·

55 860 133 921 ‹tcis
154 859 301 937 illustret,
322 879 377 941 per
397 877 478 942 ques
497 860 547 923 sol
569 859 609 921 ab
632 874 749 921 occosu
773 857 804 920 in
826 865 931 920 ortum
955 858 1049 935 redit,
1069 875 1107 921 uc
1131 875 1187 939 per
1208 859 1272 923 hoe

61 988 76 1024 u
92 960 241 1030 omnibus
262 966 510 1048 vigintiquatuor
534 964 619 1026 horis
632 981 694 1026 non
710 965 821 1026 deesse
836 982 892 1044 per
903 964 1074 1027 circuitum
1085 964 1155 1045 gyri
1170 969 1268 1031 totius

65 1073 168 1136 «olibi
184 1075 279 1149 diem,
295 1073 369 1136 ulibi
385 1079 523 1136 noctem.
545 1071 778 1153 Numquidnam
793 1089 869 1149 ergo
886 1073 915 1132 in
932 1071 1137 1151 periculique
1152 1072 1273 1152 positu·

56 1202 76 1243 <t
93 1183 120 1244 ri
133 1199 244 1244 sumus
268 1182 382 1258 Deum,
395 1179 451 1243 ubi
464 1197 500 1243 cu
512 1197 641 1260 vespera
658 1180 756 1255 tieret,
773 1197 871 1259 quum
885 1181 926 1240 eb
951 1197 986 1240 eu
1005 1189 1094 1258 porte
1120 1178 1151 1240 io
1177 1179 1275 1247 aliem

64 1313 78 1348 u
97 1298 220 1371 partem
241 1289 296 1352 lux
314 1289 526 1354 abscederet?
548 1313 577 1353 n.
601 1289 764 1353 Praeterea
795 1296 920 1368 tempus
943 1289 1026 1351 inter
1053 1306 1219 1370 vesperem
1244 1290 1282 1355 et'

10 1387 23 1396 ’
66 1417 162 1462 mene
178 1406 303 1480 tempus
314 1410 373 1463 est
393 1400 604 1476 tenebrarum,
621 1416 690 1463 nom
708 1405 759 1462 est
780 1415 844 1462 non
866 1400 946 1463 dies.
962 1399 1123 1477 Nonnulli,
1138 1400 1195 1464 sed
1217 1387 1282 1465 im·⁴
1343 1402 1347 1409 '

59 1509 203 1590 proprie,
220 1516 255 1579 ut
267 1510 311 1572 uit
332 1509 426 1593 Corn.
442 1508 564 1590 alep,
579 1525 744 1589 uesperam
755 1509 858 1572 vocari
872 1514 971 1571 totum
993 1517 1129 1584 noctem,
1144 1515 1178 1571 et
1188 1525 1279 1574 moue

64 1624 167 1680 toturn
182 1615 265 1678 diem
289 1616 410 1680 volunt.
433 1616 565 1683 Ubinam
591 1616 621 1677 iu
645 1616 816 1695 Scripturis
843 1616 937 1677 buius
958 1633 1070 1677 sensus
1096 1617 1281 1696 exemplum

61 1725 236 1787 invenere?
257 1725 336 1787 Cum
356 1709 459 1788 lloses
482 1724 644 1803 scripserit
665 1741 693 1791 v.
720 1723 751 1786 b.
767 1721 854 1803 quod
875 1722 1045 1804 appellarit
1069 1722 1153 1787 [teus
1180 1720 1281 1789 lucent

61 1802 356 1914 diametrorum
380 1840 510 1914 noctem,
522 1850 579 1896 cur
602 1835 709 1896 stetim
724 1834 755 1895 iu
780 1833 893 1896 eodem
908 1850 1001 1897 versu
1013 1841 1045 1896 et
1059 1835 1091 1896 in
1116 1833 1281 1915 sequenti-

63 1943 125 2007 bus
147 1943 225 2006 lueis
239 1961 278 2006 ec
291 1943 493 2006 tenebrarum
517 1949 644 2021 tempus
659 1959 722 2004 uon
737 1941 818 2004 diem
832 1949 864 2005 et
885 1949 1013 2018 noctem,
1040 1942 1096 2007 sed
1115 1958 1282 2025 vesperam

65 2059 100 2115 ct
120 2067 208 2130 mune
230 2050 447 2133 appellasset?
461 2050 540 2114 Cum
552 2066 683 2130 vespere
704 2050 797 2113 multi
813 2051 1078 2132 putentjnripere
1094 2053 1161 2116 dies
1185 2052 1283 2118 illos:

65 2166 100 2223 at
110 2157 378 2239 primusdies‚elii
388 2158 672 2234 subsumunt,tunc
686 2156 860 2237 incoepisse
873 2157 995 2220 ridetur
1010 2174 1082 2221 eum
1096 2158 1174 2222 dixit
1185 2159 1280 2224 Deus:

67 2269 112 2333 til
136 2268 212 2332 lum:
226 2268 270 2330 uti
286 2265 383 2330 ceteri
396 2264 449 2328 alii
463 2264 519 2326 Dei
532 2263 639 2327 verbis
654 2264 829 2344 incoepisse
840 2263 986 2328 ridentur
1001 2265 1062 2345 (vv.
1075 2266 1107 2344 6,
1119 2269 1151 2345 9,
1168 2268 1218 2346 ld,
1232 2268 1286 2344 20,

68 2378 123 2443 bl.
138 2376 161 2456 l.
177 2377 309 2451 Quidam
332 2376 453 2454 primae
470 2371 548 2445 lucis
574 2378 699 2451 tempus
714 2372 913 2452 coniungunt
926 2388 1001 2436 cum
1025 2373 1287 2454 praecedentibus

71 2484 213 2548 tenebris
228 2491 263 2545 ut
276 2482 413 2560 primum
434 2481 519 2542 diem
537 2479 688 2542 ¹efficiunt:
705 2480 776 2541 eliis
797 2478 919 2543 ridetur
933 2480 1119 2559 absurdum,
1136 2482 1285 2546 tenebras

70 2590 268 2656 universales
281 2588 356 2669 poni
370 2594 405 2650 ut
426 2585 623 2668 pertemvdiei
648 2587 681 2648 in
702 2587 759 2650 illc
772 2587 885 2651 eodem
910 2604 1083 2669 versuque
1104 2587 1204 2654 lucem
1225 2607 1287 2671 ep-

68 2697 183 2780 pellrri
199 2714 219 2758 a
237 2695 301 2759 lieo
316 2695 398 2759 diem
411 2696 572 2758 doeemur.
598 2693 639 2759 lit
659 2703 820 2776 praetereo
837 2694 869 2759 iu
884 2691 1117 2776 hemisphaerio
1137 2698 1224 2778 quod
1239 2697 1288 2761 illl

71 2807 128 2870 ubi
141 2808 199 2869 lux
209 2807 355 2885 adparuit
372 2805 603 2885 opponebatur,
620 2805 720 2884 prims
736 2805 804 2866 dies
826 2802 937 2868 luisset
957 2812 1115 2886 perpetue
1130 2825 1204 2869 nox.
1227 2806 1288 2886 lgi-

75 2924 127 2980 tur
143 2918 245 2979 necin
261 2915 381 2992 vulgari
402 2913 556 2977 sententie
582 2912 764 2977 difficultate
778 2921 889 2977 errent
910 2913 1006 2977 verbe
1028 2913 1082 2977 iliu
1102 2931 1234 2997 vespero
1255 2924 1291 2980 et

73 3041 177 3087 omre.
194 3024 349 3087 Puturunt
371 3022 467 3085 etium
481 3037 545 3102 per
560 3020 723 3098 enallagen
745 3021 909 3102 scriptum:
938 3020 1001 3101 fuit
1019 3039 1153 3103 vespero
1174 3031 1205 3088 et
1226 3021 1293 3104 [uit

73 3149 175 3208 mure,
192 3131 260 3195 dies
282 3146 376 3210 unus,
390 3132 539 3210 ponendo
552 3130 756 3210 praeteritum
772 3144 831 3209 pro
845 3128 964 3193 loturo:
977 3130 1034 3194 Sol
1046 3133 1210 3195 euim-uon
1225 3140 1294 3197 errt

76 3240 189 3322 primis
202 3240 314 3312 ,tribus
335 3239 447 3303 diebus
458 3240 489 3309 la
507 3240 549 3303 At
562 3225 656 3319 plane
669 3251 735 3301 nou
748 3235 840 3300 rideo
854 3237 1017 3317 quomedo
1029 3237 1081 3301 tel
1091 3237 1123 3303 ie
1138 3241 1290 3321 prseteri-

77 3360 113 3412 to
128 3349 178 3411 rel
192 3350 223 3412 in
240 3347 347 3413 tuturo
368 3346 431 3409 dici
442 3347 475 3409 id
490 3352 585 3428 queat
601 3345 642 3409 de
662 3343 773 3424 primis
786 3343 913 3425 diebus,
933 3360 1006 3412 cum
1020 3361 1079 3409 uec
1092 3344 1218 3412 illorum
1233 3365 1294 3412 re*

49 3452 51 3456 ’
77 3465 172 3536 spere
185 3464 219 3525 et
231 3473 352 3521 manee
367 3457 435 3520 sole
447 3463 524 3519 tunc
538 3453 675 3534 primum
690 3453 842 3534 producte
857 3452 930 3532 siut,
947 3470 1005 3519 uec
1016 3471 1090 3519 tero
1112 3464 1217 3521 essent
1240 3475 1297 3522 uu·

78 3560 790 3646 quemioposterumsinesoleproducoode.
1253 3579 1257 3587 ’

83 3720 90 3727 .
120 3671 207 3741 inter
221 3680 269 3737 tot
281 3671 491 3749 difficultates,
505 3671 779 3752 interpretationes
798 3679 832 3735 et
848 3670 1074 3752 dubitationes,
1085 3672 1162 3752 quid
1174 3671 1301 3751 melius,

80 3781 160 3862 qnid
174 3780 272 3849 tutius
284 3790 446 3864 praestare
466 3796 638 3862 possumus
652 3796 758 3860 quem
773 3777 910 3841 tolerare
923 3779 956 3840 id
967 3778 1053 3858 quod
1065 3777 1207 3841 llcelceir
1219 3778 1303 3843 tolo·

82 3897 226 3970 rat„nee
247 3888 427 3951 oareiicere
451 3885 690 3968 unqunmoet
703 3885 802 3951 verbo
816 3886 972 3953 contrarie
991 3900 1071 3962 queo
1091 3889 1223 3947 naturae
1244 3884 1305 3969 ob·

83 4005 264 4063 torretorre
279 3996 479 4061 concorditer
500 4003 672 4071 esserunt,
695 4011 780 4076 quoa
804 3997 886 4057 inter
904 4002 938 4055 et
958 3993 1078 4059 multos
1088 3993 1225 4059 existere
1234 3993 1303 4059 eius

85 4106 246 4173 scientiae
258 4105 479 4187 peritissimos,
495 4110 527 4165 et
537 4103 656 4171 nultos
667 4102 807 4166 veritatis
820 4103 962 4180 sinceros
976 4108 1132 4169 amotores
1144 4120 1225 4179 esse,
1238 4119 1302 4166 noa

45 4346 50 4354 ·
120 4321 137 4370 1
158 4314 328 4383 norwicen
345 4311 561 4383 seripturitticce.
580 4307 689 4366 Lotauil
706 4306 783 4366 tete.
802 4321 830 4379 p.
846 4310 873 4365 t.
