2970 5002
140 305 181 367 30

140 460 289 506 morasse.
304 444 363 506 Tot
385 443 469 504 enim
483 448 566 505 'sunt
579 440 655 505 aolis
668 453 814 504 accessus
828 439 874 504 rel
890 439 929 501 ad
944 436 1155 501 meridianum
1177 432 1228 498 vel
1245 436 1290 500 ed
1306 437 1364 501 bo·

139 553 291 614 riaontem
303 556 382 630 quot
402 558 477 613 aunt
489 548 556 613 dier
569 599 577 626 ,
593 557 625 612 et
640 555 686 612 tot
700 548 830 631 hyemes
842 555 922 629 quot
935 547 1020 612 anni.

179 657 274 736 llesp.
290 655 401 721 Neruio
415 656 554 738 primum
568 663 678 720 ιιιιιιιιι
692 656 743 718 bio
757 656 908 738 loquendi
925 655 1039 719 modus
1053 659 1198 735 tempore
1211 652 1315 717 lloaia
1328 652 1358 717 ie

54 792 59 807 =
138 782 201 828 nau
215 764 310 830 luerit
327 766 411 847 apud
428 765 598 846 Hebraeos,
621 783 680 828 neo
693 772 815 827 eertum
828 774 887 842 eet,
904 764 993 828 illum
1009 763 1162 827 usitatum
1176 763 1282 827 luiaae
1298 763 1360 827 lla-

140 872 230 934 nielie
256 889 346 954 aevo,
368 873 422 954 qui
437 872 591 945 iortnaee.
616 882 653 936 ut
672 874 859 954 interpretes
879 872 1170 935 animadverterunt
1184 870 1290 939 ίιιιοο
1307 888 1357 951 po·

142 982 207 1043 uuit
217 999 459 1064 vespero-morte
479 1001 538 1062 pro
552 982 614 1062 die,
626 985 700 1063 qula
713 982 877 1045 alludebat
890 982 931 1045 ad
945 979 1247 1060 iugeeaaorilloium,
1272 980 1356 1062 quod

142 1106 272 1169 vespere
285 1098 317 1152 et
327 1107 421 1153 mane
433 1090 626 1154 offerebatur
640 1140 648 1167 ,
669 1089 819 1171 quodque
840 1108 896 1171 per
914 1107 970 1153 eos
984 1088 1051 1151 dies
1065 1105 1190 1151 cessare
1202 1088 1353 1151 debebat.

138 1197 215 1260 lltut
226 1207 333 1262 autem
346 1216 397 1263 rea
407 1197 532 1275 babeat,
541 1199 626 1262 aliud
636 1199 779 1279 prolecto
789 1206 1031 1278 estpooerepro
1043 1196 1094 1258 die
1103 1213 1354 1276 vespero-mooe,

139 1309 227 1371 abad
241 1308 397 1372 seribere:
412 1309 453 1368 Ει
464 1306 528 1387 fuit
547 1324 690 1387 vespera,
715 1316 744 1370 et
758 1306 823 1387 fuit
838 1325 940 1380 moue,
961 1306 1029 1369 dier
1052 1313 1111 1369 etc.
1132 1305 1313 1402 Praeterea,
1327 1312 1357 1368 ul

140 1414 209 1476 iarn
234 1415 462 1493 indicavimus,
488 1417 515 1477 si
540 1416 699 1494 geneaiaei
717 1415 816 1480 dieaa
829 1417 985 1479 solaribus
999 1415 1112 1476 diebus
1125 1413 1243 1476 divorsi
1258 1420 1334 1477 sunt
1343 1455 1352 1488 ,

136 1523 300 1600 genesium
314 1542 441 1606 quoquo
453 1540 585 1607 verpere
595 1533 726 1588 aimone
736 1541 754 1586 a
764 1524 945 1603 vulgaribus
955 1525 1102 1586 diderant
1112 1539 1242 1584 nemeae
1253 1533 1318 1585 est.

143 1662 158 1714 χ
178 1632 329 1696 Nonnulli
344 1641 467 1714 putent,
481 1649 534 1696 eae
555 1631 647 1696 vo'oea
668 1634 699 1694 in
715 1650 772 1697 aua
787 1636 966 1695 narratione
987 1633 1135 1711 selegisse
1149 1630 1261 1694 lloaen
1273 1647 1353 1713 quae

137 1740 224 1802 riam
245 1742 305 1822 ipsi
318 1742 359 1804 ad
380 1741 505 1805 aabbati
517 1748 721 1823 praeceptum
735 1742 848 1819 melios
863 1748 1096 1822 praepararent·
1114 1747 1150 1804 ιιι
1161 1741 1205 1802 ita
1217 1739 1358 1804 laemimr

134 1847 351 1927 allicerentur,
363 1855 399 1912 ut
411 1865 474 1912 aem
486 1848 594 1913 diebus
605 1849 784 1913 laborarent
795 1857 826 1912 et
835 1849 965 1929 septimo
973 1851 1034 1910 Deo
1044 1854 1207 1922 vorarent,
1220 1849 1267 1911 ait
1278 1847 1356 1912 llat-

136 1957 341 2041 elriorllaaue
364 1957 435 2040 (ap.
449 1958 572 2021 Bannea
597 1959 628 2021 ιιι
644 1959 667 2021 l·.
684 1977 715 2040 p.
731 1978 763 2040 q.
778 1961 829 2022 ll.
844 1977 873 2021 a.
888 1958 943 2038 2.)
960 2007 968 2032 ‚
996 1958 1051 2037 qui
1076 1964 1182 2018 tamen
1204 1957 1351 2037 opinatur

134 2080 189 2125 eex
211 2064 284 2128 illoa
304 2065 375 2128 dioa
394 2083 494 2129 unum
515 2066 734 2131 tantummodo
754 2084 835 2154 esee.
857 2067 939 2130 lleee
962 2074 1068 2130 autem
1088 2063 1236 2129 doctrina
1258 2075 1348 2130 eante

134 2178 185 2234 aot
205 2171 399 2251 accipienda.
414 2173 518 2236 llosea
533 2159 719 2237 reueronon
743 2175 803 2238 boe
817 2174 875 2239 eibi
898 2175 1088 2258 proposuit,
1112 2181 1149 2237 ιιι
1164 2173 1257 2252 plene
1276 2190 1348 2239 oos-

136 2281 316 2356 ruogoniam
329 2280 470 2359 doceret,
486 2282 542 2344 aed
564 2283 679 2363 primo,
695 2289 730 2346 ut
751 2301 826 2346 euos
840 2291 1000 2347 amoveret
1015 2284 1274 2362 a-auperstitioso
1286 2282 1352 2347 aul·

139 2395 175 2452 ιιι
194 2395 370 2470 creaturae,
384 2388 547 2452 inculeare
558 2390 671 2468 voluit,
684 2391 784 2455 Deum
798 2408 817 2454 a
831 2391 951 2455 mundo
966 2390 1149 2456 distinctum
1160 2400 1194 2454 et
1208 2393 1351 2456 omniura
1370 2439 1373 2445 .

135 2493 314 2560 Creatorem
327 2513 409 2573 eram
433 2499 692 2562 seeundoautem
708 2515 966 2579 poneceoanaam
989 2497 1203 2577 exemplarem
1227 2509 1266 2563 ut
1290 2500 1350 2566 ile-

135 2602 223 2665 bruei
238 2604 455 2668 sanetilloaudi
475 2606 606 2670 Sabbati
631 2624 789 2670 memores
815 2608 1073 2670 emanaverunt
1097 2624 1201 2690 noque
1226 2610 1269 2672 ad
1285 2609 1355 2672 liaeo

135 2709 262 2773 fictione
282 2726 365 2790 opua
386 2710 508 2790 babuit,
534 2731 593 2777 neo
606 2715 737 2782 omnino
758 2710 934 2796 quidquam
947 2717 1052 2781 minua
1071 2733 1145 2779 rere
1164 2716 1346 2781 alilrmarit.

134 2817 241 2880 Potuit
262 2825 367 2882 tamen
379 2821 417 2883 ad
433 2821 599 2886 indieanda
613 2825 689 2888 eatis
705 2825 797 2911 longa
822 2834 966 2905 tempora
980 2841 1062 2907 quae
1076 2832 1183 2889 tamen
1197 2827 1348 2892 determi-

132 2932 205 2988 nate
217 2931 326 2990 esseut
351 2945 389 2990 ao
400 2927 528 2997 duubua
549 2930 690 2996 terminia
703 2932 957 3014 circumscripta,
970 2933 1042 2995 licet
1057 2921 1268 3011 longitudinis'
1288 2953 1345 2999 no·

129 3030 406 3112 luia'inoompertae'
420 3043 453 3098 et
466 3037 672 3117 probabiliter
685 3037 869 3122 inaequalia,
882 3056 992 3102 voeem
1006 3040 1090 3104 diem
1100 3056 1277 3106 assumere:
1292 3059 1348 3125 po·
1371 3048 1373 3053 '

133 3138 193 3201 tuit
214 3141 310 3203 etiam
321 3140 587 3208 vocladiaiuaum
601 3145 692 3208 illum
704 3146 865 3223 iuducere,
882 3154 919 3210 ιιι
931 3163 1203 3229 voaeeoeaparum
1214 3157 1250 3213 et
1263 3166 1352 3215 marre

133 3248 348 3329 attingamus
370 3252 416 3314 uti
439 3258 573 3332 poterat,
587 3255 770 3336 praeferret.

142 3367 161 3406 -·
176 3357 317 3421 Tandem
340 3359 479 3435 adverte,
493 3361 588 3423 verba
601 3363 655 3424 illa
672 3379 806 3446 perpera
826 3374 857 3428 et
879 3384 970 3433 mane
989 3364 1216 3447 interpretibus
1238 3370 1347 3433 cuiue·

137 3483 276 3563 comque
290 3468 463 3534 sententiae
486 3467 606 3550 aliquid
628 3486 757 3552 semper
767 3476 884 3553 negotii
904 3475 1068 3539 laomsere.
1086 3476 1255 3549 Quomodo
1270 3479 1352 3540 eninr

136 3573 195 3636 ιιιιι
208 3592 305 3638 mane
326 3577 394 3639 siue
408 3576 492 3641 selei
501 3577 667 3650 Quomodo
682 3584 831 3663 verpere?
848 3585 984 3658 Quidam
998 3592 1122 3666 putant,
1138 3577 1243 3648 lucem
1267 3586 1301 3650 ιιι
1313 3586 1350 3649 ll·

140 3683 241 3744 rieule
261 3685 459 3764 apparuisse,
479 3687 609 3767 quidam
623 3689 655 3751 in
677 3690 859 3763 Occidente,
883 3710 992 3757 verum
1013 3693 1124 3762 Orione
1144 3683 1177 3757 e't
1198 3695 1349 3760 Occidens

140 3791 182 3852 ad
196 3790 343 3868 regiones
362 3792 464 3854 rariaa
478 3795 671 3859 referuntur:
687 3813 791 3878 neque
802 3806 907 3863 tamen
929 3800 1041 3880 primis
1053 3800 1115 3863 illle
1130 3801 1244 3870 diebus
1268 3802 1353 3883 regie

140 3895 207 3999 ulle
221 3905 299 3961 erat.
321 3900 356 3963 Si
368 3907 442 3980 poet
455 3901 624 3969 duodecim
639 3904 734 3969 borae
754 3906 835 3970 loeis
855 3907 965 3970 noreio
977 3909 1066 3972 ouius
1088 3908 1161 3972 eolis
1182 3911 1252 3972 vioe
1279 3910 1350 3974 lun-

133 4003 259 4080 'gentle
274 4004 304 4067 ιιι
316 4023 382 4070 uuo
397 4008 472 4073 loco
481 4027 611 4092 vespera
632 4010 713 4075 laeta
726 4019 786 4093 eet,
800 4013 831 4076 in
844 4012 908 4078 alio
932 4022 1008 4079 tuno
1031 4014 1151 4079 laetur'n
1167 4025 1217 4080 ert
1232 4034 1349 4096 mane,
1390 3997 1393 4068 l

140 4262 144 4267 g
176 4199 193 4250 ι
210 4201 232 4252 A
250 4199 350 4268 arpina
367 4200 396 4255 iu
411 4201 432 4257 l
449 4217 476 4258 e.
494 4203 555 4260 riu.
572 4207 654 4263 allatu
665 4208 810 4278 Pererium,
828 4210 1030 4276 adanorum,
1049 4211 1227 4271 lleuorlriuaa

1119 4434 1137 4466 0
