2970 5002
1294 315 1356 383 tlt

118 439 340 531 nllolcmque
360 452 393 511 el
414 452 538 513 montes
558 448 687 529 insuper
699 445 782 511 allos
803 444 969 529 lmposult.
987 448 1012 529 ¹,
1029 471 1043 508 a
1070 458 1102 514 et
1127 472 1142 511 ι
1167 450 1284 517 balens
1308 455 1349 518 li-

117 576 137 619 s
159 557 275 621 munus
295 562 328 619 et
344 556 464 632 auro&
481 572 500 614 a
516 562 553 616 at·
566 554 652 635 apud
673 555 834 618 Lucanum
850 574 868 616 a
884 556 1056 636 chalybem
1069 557 1260 642 lrocnosqne
1287 578 1361 626 rno-

119 663 251 728 mordit.
274 684 290 723 a
325 662 361 726 ln
382 679 472 726 sacra
491 662 661 742 Lytburgia
681 658 825 743 quotidie
846 664 1058 743 postulamus,
1071 675 1107 729 ut
1119 671 1277 749 perceptio
1291 671 1349 734 dc-

119 770 232 834 minici
257 766 403 850 Corporis
422 785 492 838 raca⁴
505 770 548 832 sit
571 767 660 832 nobis
679 770 714 832 ia
733 768 884 834 iudicium
903 777 934 833 et
949 771 1241 854 condennationem,
1263 777 1352 857 quod

120 887 180 956 est,
204 879 237 940 ia
255 877 411 941 indicium
431 876 716 941 condemnationis.
738 875 829 940 blulti
849 887 955 942 tamen
977 879 1008 942 lu
1032 880 1093 944 boc
1112 899 1141 943 v.
1159 883 1208 945 lt.
1225 883 1351 948 malunt

121 985 257 1050 maino
276 986 443 1063 seiungere
462 999 578 1048 nomen
600 985 692 1065 sipon
710 986 751 1049 ab
770 984 833 1049 alio
854 993 1007 1066 tempora·
1029 987 1121 1065 signa
1134 1006 1209 1054 vero
1227 991 1276 1053 uel
1299 994 1351 1054 ln·

123 1084 339 1174 terpretantur
359 1110 507 1170 menses,
529 1112 568 1158 ex
594 1095 718 1159 zodiam
733 1097 861 1176 signis,
890 1097 1105 1179 (quamquam
1127 1099 1348 1181 antiquissima
1398 1103 1401 1107 ’

122 1201 283 1266 mensium
302 1201 529 1268 nlscrlmtaatlo
550 1221 568 1266 s
589 1205 676 1267 Luna
698 1204 768 1279 luit,
784 1206 988 1289 annuentium
1010 1223 1095 1271 nune
1117 1209 1219 1271 lunari
1240 1211 1352 1271 mense

121 1314 260 1375 mansur
278 1309 423 1375 rudium
443 1318 564 1390 gentes,
580 1320 637 1376 aut
648 1314 754 1391 maala·
769 1314 964 1395 antiquitatis
978 1315 1137 1396 tenaces),
1160 1317 1210 1379 uel
1231 1317 1351 1381 indicia
1413 1294 1417 1301 ⁸

121 1426 193 1481 esse
212 1424 328 1499 patant
345 1436 428 1502 quse
447 1421 489 1484 ab
508 1422 602 1484 astris
624 1422 798 1503 accipimus
819 1424 964 1501 meandi,
986 1423 1160 1504 plantandi,
1182 1425 1347 1499 mamndi,

121 1526 288 1606 manselli
308 1534 383 1604 ele..
405 1528 453 1592 rel
475 1531 564 1608 signa
578 1530 705 1611 pluviae
717 1538 777 1594 etc.
792 1531 844 1595 Ait
855 1549 882 1594 s.
898 1532 1035 1596 Thomas
1050 1530 1076 1592 ⁸:
1099 1553 1118 1596 ιι
1140 1533 1187 1596 lla
1206 1522 1349 1598 luminu-

122 1652 142 1696 «
164 1634 256 1698 albus
273 1635 360 1700 eccll
378 1635 533 1717 scalpitur
552 1636 740 1716 significatio
755 1638 891 1719 pluviosi
903 1639 1057 1720 temporis
1070 1640 1119 1703 vel
1134 1640 1250 1715 sereni,
1264 1657 1348 1720 uuae

123 1750 241 1809 nsunt
261 1750 335 1826 apta
356 1744 489 1810 (liversis
510 1747 657 1825 negotiis,
680 1754 712 1809 et
729 1755 886 1828 quantum
907 1748 948 1812 ad
969 1749 1030 1813 boc
1052 1750 1147 1813 dicit:
1162 1748 1206 1815 'at
1226 1750 1292 1815 rint
1312 1752 1348 1814 ia

123 1871 142 1914 (ι
164 1844 265 1936 ripam
278 1874 294 1911 u
306 1853 413 1922 Etiam
434 1855 495 1919 boc
510 1854 639 1920 indicarl
655 1856 727 1921 loco
739 1857 811 1932 blo,
829 1873 891 1920 non
905 1863 954 1920 est
969 1857 1189 1938 improbabile;
1206 1861 1349 1922 statium

121 1962 311 2046 illnd'quod
332 1964 372 2028 ad
393 1962 491 2028 lectos
511 1964 580 2027 dies
599 1965 868 2044 determinandos,
882 1965 975 2028 astris
990 1964 1133 2030 homines
1148 1975 1347 2031 amentum-

122 2073 160 2137 rl.
182 2092 203 2135 n
225 2072 324 2152 Luna,
345 2073 488 2138 ostemio
511 2074 662 2154 temporis
682 2082 715 2137 et
735 2075 862 2153 signum
882 2074 963 2136 aevi.
985 2073 1120 2138 Abona
1141 2076 1270 2154 siguum
1285 2067 1349 2139 diei

127 2202 142 2248 ι
164 2180 249 2244 lcatl.
271 2179 396 2246 »assit
418 2180 521 2244 xull.
543 2184 574 2244 7.
597 2180 717 2245 Eadem
737 2181 804 2243 lere
823 2198 861 2242 ac
882 2181 1022 2261 Aquinas
1043 2183 1181 2262 docuere
1201 2182 1350 2260 Basilius,

123 2288 325 2364 Ambrosias.
347 2288 571 2370 temnamus,
592 2290 719 2372 altique
745 2293 852 2371 quiet
873 2289 1108 2368 astrologorum
1123 2292 1349 2370 etgenetblis-

124 2392 238 2461 corum
253 2404 435 2462 nomnenta
455 2399 649 2478 redarguunt
671 2399 903 2472 arbitrantium,
932 2397 1057 2462 futuras
1077 2405 1109 2460 et
1129 2397 1275 2461 fortuitas
1297 2417 1348 2463 res

120 2505 163 2568 iri
170 2505 363 2572 coelestibus
372 2508 574 2590 torporibus,
593 2508 692 2573 veluti
706 2508 738 2571 in
749 2508 940 2588 quibusdam
953 2505 1066 2587 signis,
1079 2523 1151 2570 essa
1160 2507 1347 2588 descriptas.

124 2614 355 2696 superstitiosa
372 2623 430 2680 aut
448 2634 525 2679 vana
546 2617 635 2696 signu
655 2614 806 2697 reprobat
822 2614 904 2678 [leus
925 2632 982 2695 per
996 2613 1162 2677 leremium
1186 2615 1286 2695 (lbi.)
1300 2615 1349 2679 di·

123 2738 212 2787 ucus:
227 2742 247 2787 u
261 2700 432 2788 llaecdicit
451 2725 616 2790 Dominus:
640 2724 728 2788 iuxta
748 2724 814 2786 vias
835 2723 979 2802 gentium
1000 2721 1099 2787 nolite
1120 2721 1254 2800 discere;
1276 2729 1348 2786 eta

128 2830 266 2910 «swale
283 2831 369 2896 coeli
382 2811 488 2897 'nolite
508 2839 664 2912 metuere,
685 2847 767 2912 quae
789 2831 901 2892 timent
922 2835 1045 2908 gentes.
1069 2848 1087 2889 a

165 2937 268 3004 bvtll.
289 2940 344 3006 Sol
365 2942 425 3006 bac
446 2941 536 3006 tertie
556 2938 688 3024 periodo
708 2945 742 3002 et
761 2937 967 3020 sequentibus
987 2937 1056 2999 dies
1073 2936 1288 3014 metiebatur3
1311 2945 1344 3000 at

127 3040 199 3117 nnn
212 3048 289 3133 binc
308 3049 463 3132 sequitur,
476 3049 561 3113 (liena
581 3055 744 3131 quartum,
765 3049 913 3128 quintum
933 3053 965 3108 et
986 3052 1112 3108 sextum
1126 3044 1161 3107 C.
1176 3045 1200 3107 1.
1217 3046 1347 3109 ordim-

124 3133 192 3227 rios
214 3154 282 3224 (lies
300 3159 344 3224 ut
365 3159 515 3224 bererum
541 3158 650 3222 luisse.
672 3156 754 3221 Nihil
778 3155 885 3225 obstat
913 3153 1083 3234 quominus
1110 3152 1179 3215 dies
1205 3152 1251 3213 illi
1278 3154 1347 3216 lon·

124 3263 188 3349 gae
206 3266 330 3352 periodi
342 3266 468 3345 luerint,
491 3265 585 3350 plane
604 3273 641 3330 ut
654 3265 776 3346 primus
789 3271 821 3326 et
832 3269 1000 3345 sequentes
1013 3262 1091 3339 dum
1105 3279 1141 3324 ac
1155 3261 1238 3324 forte
1251 3261 1348 3323 etlam

123 3366 301 3455 tenueras.
322 3374 376 3440 Sol
397 3375 483 3437 enim
502 3373 671 3456 plusquam
707 3360 870 3436 dimidiam
894 3376 1077 3450 terraqueae
1097 3367 1251 3450 spbaerac
1270 3384 1347 3447 par-

124 3493 194 3550 tem
213 3485 397 3562 illustrans,
419 3485 454 3546 in
473 3480 606 3545 diversis
626 3480 755 3561 quidem
776 3478 863 3559 globi
876 3477 1028 3559 =partibus
1054 3476 1139 3539 vices
1162 3476 1288 3539 dierum
1310 3491 1347 3539 uc

125 3593 284 3675 noctium,
304 3605 338 3657 at
355 3592 389 3657 iu
409 3592 506 3673 globo
527 3591 598 3672 ipso
618 3590 746 3668 longam
767 3593 800 3650 et
821 3586 1007 3651 continuam
1028 3585 1113 3648 diem
1138 3583 1192 3666 (b.
1208 3602 1238 3647 e.
1260 3593 1345 3647 tam-

120 3708 189 3786 ‘pns
209 3701 310 3785 lueis}
324 3677 537 3768 constituebat
555 3698 629 3780 eui,
649 3700 683 3761 in
700 3704 812 3779 quarta
833 3703 866 3759 et
880 3694 1025 3778 sequenti
1045 3694 1190 3776 periodo,
1212 3707 1345 3773 uespera

124 3819 253 3876 tantum
276 3812 333 3894 illu
344 3811 451 3895 [quum
471 3807 697 3875 obscuritatem
710 3824 729 3870 a
744 3805 958 3871 subterraneis
972 3799 1226 3866 emanationibus
1240 3807 1272 3861 et
1286 3801 1343 3863 tel·

125 3922 207 3987 luris
228 3920 521 4004 perturbationibus
544 3917 729 4001 perductam
752 3932 823 3979 esse
858 3911 1074 3987 conieclmus,
1111 3907 1279 3990 §XbVlll
1305 3908 1344 3973 li-

124 4027 203 4099 u‘em
220 4028 569 4116 'imponebatmldbaec
586 4027 635 4093 acl
655 4026 724 4110 ipse
738 4025 816 4104 dies,
830 4039 925 4106 quem
946 4021 979 4086 in
1000 4020 1110 4100 aliqua
1132 4018 1244 4084 mundi
1260 4026 1349 4099 parta

162 4205 178 4255 l
197 4204 271 4265 Aen⁸¹
284 4205 306 4257 l.

159 4299 179 4352 2
195 4302 292 4370 Georg.
311 4307 343 4356 ll.

156 4400 175 4454 3
194 4401 254 4460 Art.
272 4398 320 4457 cla
340 4400 366 4453 in
385 4413 408 4451 r.
