2970 5002
1238 288 1298 353 113

73 425 313 500 «sentaueum,
342 422 382 484 ab
398 436 437 484 eo
450 426 528 483 tuuc
546 417 635 482 rllum
652 418 805 498 coepisse,
817 419 905 499 quod
920 416 1207 485 extraordinarium
1232 425 1297 488 rio·

64 548 88 614 rr
107 529 292 609 lentumque
304 529 353 603 sit,
373 531 468 610 idque
480 531 586 610 ipsum
599 535 1003 609 eousmnsaeperpetuum
1025 546 1096 593 esse
1119 531 1260 595 iussisse.
1280 551 1298 592 n

109 638 265 701 Dixeruut
290 637 418 718 quidam
433 686 443 714 ,
475 638 575 700 nubes
590 637 630 698 ab
642 636 736 716 aquis
751 644 829 716 quoe
844 653 939 716 ertper
956 638 1055 702 coelos
1070 649 1144 704 sunt
1161 643 1192 703 in
1207 641 1293 704 Scri·

71 747 176 827 pluris
206 747 369 824 distingui.
391 747 432 810 At
454 748 507 809 Ps.
529 743 685 824 cxlviii,
701 744 756 806 ubi
771 744 921 807 coelestia
948 753 982 807 et
1008 749 1166 811 terrestria
1189 749 1297 836 omnia

68 855 109 917 ad
127 854 184 916 Dei
200 854 326 917 laudem
349 854 542 930 invitantur,
559 852 681 927 nullam
696 852 788 915 video
811 853 1005 916 mentionem
1032 872 1103 917 esse
1129 856 1169 917 de
1193 859 1295 938 nubi-

70 964 155 1042 bus,
178 980 259 1044 quae
286 973 391 1026 tamen
417 981 475 1026 sua
500 963 591 1024 valde
616 961 790 1042 conspicua
808 962 1153 1040 magnitudincoculos
1168 967 1294 1046 percel-¹

67 1073 149 1135 lunt:
176 1071 571 1139 invitanturssolummodo
586 1081 684 1153 oquae
710 1088 813 1135 omnes
838 1090 916 1154 quac
929 1084 1024 1153 super
1039 1073 1138 1137 coelos
1153 1081 1237 1138 suut.
1255 1075 1294 1139 Iu

69 1181 195 1244 cantico
221 1181 360 1262 quidem,
389 1173 587 1260 didicimus,
605 1179 700 1243 trium
712 1197 898 1261 puerorum,
914 1182 954 1243 de
970 1184 1111 1263 utrisque
1126 1191 1175 1245 est
1191 1201 1289 1259 meu·

64 1289 123 1352 tio.
153 1290 243 1351 Prius
257 1289 341 1351 enim
363 1288 488 1367 legitur:
510 1310 524 1347 u
537 1288 716 1351 Benedicite
730 1289 810 1352 coeli
825 1290 971 1356 Domino.
985 1290 1165 1353 Benedicite
1187 1310 1289 1374 aquae

66 1419 83 1454 e
100 1413 307 1477 omnesquae
323 1413 419 1476 super
434 1397 541 1462 coelos
557 1406 632 1460 suut
646 1398 793 1462 Domino.
809 1420 824 1457 c
842 1394 883 1460 Et
898 1405 1008 1479 postea
1029 1417 1136 1462 rerum
1159 1408 1290 1464 meteo·
1354 1446 1356 1450 .

64 1504 278 1581 rologiearum
292 1504 483 1569 recensioni
505 1523 589 1587 quae
604 1531 616 1584 ,·
638 1514 808 1588 antequem
833 1507 874 1568 ad
900 1515 1016 1570 terrem
1042 1508 1285 1587 descendamus,
1339 1570 1342 1575 ,

64 1613 254 1675 terminatur
275 1613 314 1674 ils
335 1615 457 1676 verbis:
491 1615 887 1694 «Benedicitelulguraet
913 1615 1014 1677 nubes
1036 1616 1291 1680 Dominonlle-
1405 1627 1415 1644 ·
1448 1605 1452 1612 ’

64 1730 138 1783 rum
154 1737 253 1799 aquae
267 1721 447 1801 superiores
471 1731 545 1783 suut
567 1728 635 1784 tum
650 1738 785 1801 vapores
810 1720 1005 1795 disseminati
1020 1725 1077 1802 qui
1093 1729 1215 1786 tantum
1230 1728 1288 1785 ad-

62 1831 106 1891 ris
122 1830 372 1908 pelluciditetem
388 1830 546 1906 minuunt,
566 1838 635 1894 tum
650 1831 765 1910 nubes,
780 1829 846 1891 sive
860 1847 916 1892 eae
932 1830 1155 1894 distendantur
1169 1835 1202 1895 in
1219 1834 1290 1896 cir.

59 1957 114 2000 ror
135 1940 203 1999 sive
226 1939 460 2016 conglobentur
475 1940 507 2000 iu
521 1939 660 2002 cumulos
681 1941 747 2002 sive
771 1939 802 2000 iu
818 1946 924 2001 strata
938 1941 1172 2015 extendantur,
1200 1958 1283 2023 quae

58 2055 135 2109 sunt
160 2055 223 2110 tres
246 2049 433 2128 praecipuae
448 2049 732 2129 nubiumlormae.
750 2045 856 2112 Nubes
872 2066 947 2112 vero
971 2067 1148 2130 quaecum
1172 2051 1282 2129 luigo*-

56 2156 145 2218 ribus
159 2157 363 2233 nominantur
379 2164 453 2217 sunt
468 2158 568 2219 nubes
584 2158 792 2234 procellosae,
809 2175 890 2237 quae
920 2176 977 2220 nec
1004 2144 1102 2236 cirri,
1131 2176 1190 2222 nec
1215 2177 1277 2222 cu-

53 2267 159 2343 muli,
185 2282 243 2326 nec
269 2265 363 2327 unius
390 2272 515 2326 tantum
535 2264 703 2326 uniformis
726 2266 815 2326 strati
837 2269 893 2327 seu
909 2267 1012 2327 elatae
1036 2267 1172 2328 nebulae
1187 2285 1283 2347 aspe-

54 2381 144 2435 ctum
170 2389 246 2451 prae
274 2390 309 2433 se
338 2372 467 2446 lerunt,
492 2373 548 2434 sed
577 2372 796 2453 perturbatam
819 2371 955 2436 formam
981 2381 1078 2454 atquo
1101 2374 1279 2436 diffractartr

53 2498 140 2562 quae
168 2480 249 2542 coeli
275 2479 449 2542 tumultum
475 2498 511 2544 ac
537 2480 808 2562 perturbationem
833 2482 960 2544 indicat.
989 2483 1098 2545 Potest
1123 2499 1200 2562 ergo
1229 2501 1285 2545 re-

51 2589 204 2670 sponderi
218 2598 236 2650 :‘
255 2589 305 2650 bis
319 2592 463 2658 versibus
490 2592 708 2671 phaenomena
736 2592 841 2671 potius
867 2607 963 2671 quam
978 2591 1173 2675 substautias
1202 2609 1287 2653 enu-

51 2700 168 2762 merari
185 2699 339 2780 (noctes,
359 2700 426 2763 dies
442 2749 450 2779 ,
470 2700 529 2767 'lux
542 2734 550 2777 ,·
565 2701 734 2776 tenebrae,
763 2700 906 2779 fulgura)
936 2708 1005 2762 turn
1026 2700 1157 2782 sulpura
1170 2709 1202 2763 ct
1217 2718 1281 2762 nc-

54 2807 107 2870 bes
123 2807 206 2883 idem
220 2826 289 2869 esse
301 2827 338 2870 sc
351 2809 481 2889 (alpina
494 2808 634 2888 nubium,
653 2810 661 2890 l
677 2826 758 2889 quae
773 2810 930 2888 expositio
944 2810 1020 2870 milri
1036 2811 1173 2879 maxime
1187 2810 1271 2871 arri-

56 2914 133 2996 det)
156 2919 206 2978 vel
234 2916 384 2998 sulpura,
409 2926 439 2981 ct
466 2917 564 2980 nubes
584 2936 666 2999 quae
691 2935 729 2979 ea
753 2918 941 2980 iaculantur.
967 2917 1072 2979 Nubes
1095 2917 1274 2997 procellosa

54 3026 177 3104 speeies
204 3036 274 3103 est;
295 3043 395 3107 aquae
409 3030 600 3109 superiores
622 3044 734 3105 genus.
750 3026 784 3087 ln
799 3026 859 3088 hoc
873 3036 979 3089 autem
992 3025 1117 3087 cantico
1133 3027 1273 3088 nonnul-

57 3131 108 3193 lae
123 3132 244 3211 species
270 3142 343 3212 post
370 3113 464 3195 suum
491 3152 592 3211 genus
614 3134 869 3213 compellantur:
893 3140 929 3193 ut
955 3140 1029 3211 post
1053 3134 1156 3194 omnia
1180 3150 1275 3210 opera

56 3240 201 3318 Domini,
230 3241 520 3319 rocaut'ursingula
537 3260 543 3299 ε
560 3247 634 3320 post
649 3249 781 3318 terram,
806 3248 942 3304 montes:
970 3250 1043 3319 post
1066 3239 1149 3319 filios
1173 3239 1274 3300 bomi-

51 3364 138 3423 num,
165 3347 272 3410 lsrael:
293 3354 368 3426 post
389 3346 551 3424 Israelem,
580 3348 767 3412 Sacerdotes
780 3347 916 3411 Domini.
1018 3390 1022 3401 ‚

93 3453 163 3526 Non
184 3472 242 3534 ego
263 3471 424 3535 asseram,
447 3472 561 3536 aquam
587 3456 702 3518 nullibi
725 3472 794 3518 esse
819 3455 880 3519 nisi
905 3455 936 3518 in
956 3463 1067 3545 nostro
1081 3455 1177 3535 globo
1191 3462 1224 3518 et
1241 3455 1275 3517 in

55 3562 369 3643 eiusatmosphaera.
385 3565 493 3626 Potest
518 3583 599 3644 aqua
624 3565 759 3627 existere
775 3571 819 3626 et
841 3565 969 3644 quidem
993 3565 1211 3645 copiosissima
1238 3567 1272 3625 in

43 3669 157 3734 multis
172 3671 241 3734 aliis
255 3673 383 3750 globis,
401 3673 533 3754 etquod
556 3673 587 3734 ln
612 3673 720 3754 aliquo
742 3674 853 3737 saltem
877 3676 1052 3754 reperiatur
1071 3675 1167 3736 etiam
1195 3690 1274 3750 pro-

49 3779 156 3843 babile
168 3789 227 3842 est.
245 3781 358 3844 Utrum
376 3800 450 3845 rero
470 3782 699 3864 quidquemde
713 3783 761 3845 his
774 3783 1036 3846 lllosirerelatum
1052 3780 1161 3857 luerit,
1176 3780 1271 3855 igno-

49 3904 96 3950 ro.
123 3889 166 3949 At
186 3906 281 3952 nemo
303 3908 398 3953 sanae
414 3895 531 3954 mentis
545 3891 672 3966 eredat,
697 3891 788 3954 illurn
802 3890 843 3952 de
866 3888 1047 3951 huiusmodi
1062 3885 1268 3968 aquis-loqui,

46 3996 252 4076 potiusquam
274 3998 315 4059 de
341 3996 404 4060 illis
420 4015 499 4077 ques
520 3998 627 4061 ludaei
649 3998 813 4077 sensibus,
831 4005 898 4060 tum
914 4013 1014 4077 quum
1029 3994 1088 4057 ista
1103 3994 1265 4072 legebant,

47 4119 205 4182 usurpare
226 4111 396 4186 poterant,
418 4113 473 4167 aut
500 4105 559 4168 sibi
577 4106 767 4185 persuadeat
782 4106 899 4167 lactum
914 4103 1012 4176 abeo
1027 4102 1265 4170 firmamentum

44 4212 131 4292 quod
155 4224 279 4300 separet
301 4216 384 4279 inter
396 4233 493 4297 aquas
509 4221 672 4279 terrestres
687 4222 719 4278 et
733 4214 815 4293 illas,
832 4232 859 4278 e.
878 4231 922 4293 g,
935 4232 1016 4295 quae
1029 4213 1060 4275 in
1075 4211 1183 4276 Martis
1196 4211 1272 4286 stel-

40 4318 68 4382 la
84 4321 210 4384 locatae
223 4332 309 4388 sunt.

988 4482 991 4487 ,
1092 4425 1112 4486 8
