2970 5002
1215 288 1278 360 tii

65 421 147 489 iilud
162 423 341 492 incendium
363 423 492 509 resedit,
516 424 821 494 descenderemus
843 428 977 508 gradum
999 428 1148 497 luminosi
1162 434 1276 500 caloris

61 532 226 620 temperie,
245 534 427 604 ,obscuritas
449 536 586 603 fortasse
607 536 746 621 perfectu
760 545 876 603 terram
896 553 1007 605 rursus
1020 544 1194 624 occeperit.
1212 542 1278 611 disi

60 647 148 710 enim
160 646 250 710 valde
265 646 471 728 probabiliter
490 647 539 712 soi
556 655 631 711 tunc
652 654 719 711 erat
731 646 835 711 radios
847 648 991 710 evibrans
1006 649 1189 730 quibus-iux
1204 666 1277 734 pru·

60 762 218 836 nugatur,
240 752 286 819 uti
310 764 373 820 nnn
396 757 488 838 pauci
509 758 659 821 dixerunt
682 755 693 839 i
706 745 736 835 i.
758 745 879 836 mu
904 763 1022 834 tamen,
1036 759 1122 840 quud
1136 767 1168 822 et
1182 774 1208 825 s.
1233 761 1277 828 d-

59 858 173 944 picen
186 859 361 946 adventur
376 864 565 931 densissimo
584 874 701 946 sapon
715 864 885 946 opacisque
906 877 965 948 pes
984 869 1122 948 spatium
1138 868 1279 935 dissemi-

59 975 143 1061 natis
164 969 363 1057 corpusculis
377 976 539 1045 radiorum
553 968 704 1039 solarium
716 970 775 1039 iter
788 974 1026 1059 obstruebatur,
1037 986 1096 1042 neu
1117 973 1137 1040 ti
1157 974 1197 1043 sd
1221 977 1281 1044 tei·-

58 1072 292 1168 iurenrusuue,
314 1083 374 1150 nist
396 1085 478 1150 iurte
498 1077 680 1167 paucissimi
700 1097 737 1151 au
757 1079 888 1167 debitus,
910 1084 1141 1168 pertingebant.
1164 1087 1204 1156 dt
1224 1100 1277 1154 nes

58 1207 134 1253 vera
154 1196 292 1255 maxima
314 1192 367 1256 illa
390 1209 490 1274 aquue
513 1192 603 1274 copia
626 1210 707 1274 quau
727 1211 838 1257 reeens
865 1190 1094 1272 gauraranes
1133 1206 1279 1282 querque

58 1289 103 1360 ub
127 1298 311 1380 temperiem
332 1299 426 1364 niuis
448 1292 681 1366 adbuueiutann
700 1311 796 1382 super
810 1309 911 1364 terne
924 1303 1090 1383 supendere
1104 1306 1279 1369 consistere

56 1419 126 1473 non
149 1405 281 1487 poterat,
298 1407 443 1490 cingebat
457 1411 668 1492 undequaque
680 1410 795 1473 terrem
810 1409 996 1475 densissime
1010 1412 1277 1496 nebuianaponis,

15 1529 20 1533 ·
58 1522 95 1581 ut
117 1510 434 1600 dicuutnnsiouiosi,
456 1521 509 1584 uui
530 1513 737 1598 prehenditur
758 1512 943 1583 innumerae
969 1520 1049 1584 uiiue
1069 1532 1186 1603 opacas
1206 1535 1278 1604 pun·

58 1626 187 1711 riculae,
210 1629 275 1692 sive
294 1622 472 1694 metaiiitao
491 1628 555 1692 sire
577 1623 710 1691 ullarum
726 1629 914 1708 specierum,
931 1631 1217 1693 commiscebantur
1238 1647 1276 1694 ao

58 1736 131 1799 veru
151 1734 305 1819 pruriunt
337 1738 449 1802 nudem
468 1738 686 1802 uestimentum
708 1736 942 1821 erueturne)
968 1746 998 1801 et
1019 1738 1152 1821 cutiens
1172 1737 1274 1816 ittam,

58 1844 150 1926 penei
157 1846 275 1928 pannii
288 1834 453 1926 insontior,
468 1843 670 1910 obvolvebant
689 1847 716 1909 1.
740 1843 781 1905 At
800 1843 964 1926 pudiietinr
978 1853 1075 1927 opaea
1091 1849 1278 1926 corpuscula

58 1953 318 2033 praecipitabant,
342 1949 511 2035 etqusnun
531 1955 699 2035 temperies
714 1952 966 2035 ¹ustisdepressn
987 1955 1017 2017 id
1030 1955 1184 2035 permisit,
1207 1970 1277 2016 ma·

56 2041 142 2122 iimd
162 2063 256 2125 eiiam
294 2056 339 2126 ris
362 2068 462 2144 equae
498 2059 717 2128 deridebatur
748 2063 844 2143 giobo
867 2056 1006 2128 terrestri
1030 2063 1276 2144 superextende-

57 2155 163 2230 batur·
184 2159 314 2232 interim
334 2161 455 2232 muiiue
480 2173 644 2235 terrestres
665 2170 858 2233 substantiae
881 2172 912 2232 in
934 2180 972 2233 ea
993 2170 1219 2248 solvebantur,
1243 2178 1275 2233 et

58 2274 162 2354 caiigo
183 2268 236 2336 iiie
257 2270 411 2354 gradatim
433 2273 656 2356 dissipabatur.
680 2272 753 2340 iusi
775 2278 821 2340 tot
839 2279 1136 2359 praecipitationes,
1161 2285 1275 2356 magau

59 2383 117 2447 itia
138 2380 376 2467 corpusculum
402 2384 536 2466 spbedra
555 2390 636 2466 quie
655 2382 790 2465 globum
811 2394 991 2450 terrestrem
1013 2387 1168 2464 cingebat,
1196 2387 1272 2450 satis

54 2487 213 2573 diophane
244 2492 353 2556 erasit.
375 2481 480 2575 iapur
500 2494 605 2556 tumen
621 2497 928 2575 aqueasooneretus,
950 2499 982 2556 et
1003 2486 1056 2556 iiie
1075 2493 1204 2574 quidem
1221 2508 1274 2556 uo·

55 2603 175 2684 prosus,
201 2589 341 2666 ineditis
361 2602 512 2685 spuueraa
532 2598 627 2666 deuius
648 2598 832 2682 regionibus
851 2602 980 2682 mansit,
1002 2602 1062 2665 ubi·
1078 2605 1180 2665 maius
1201 2603 1275 2664 rue-

55 2710 106 2770 rat
126 2704 320 2788 refrigeratio
352 2720 448 2790 quens
469 2701 501 2773 in
522 2714 611 2790 purte
632 2708 782 2788 interiori
797 2718 893 2792 utque
906 2710 949 2773 itu
963 2708 1155 2774 nebulosum
1176 2709 1276 2772 neiuti

58 2814 213 2892 fornicem
238 2814 426 2899 constituit,
447 2819 501 2899 qui
522 2830 580 2900 pen
601 2816 688 2882 itiam
709 2814 899 2900 diaphsnsm
932 2819 1208 2899 utunospnaerum
1231 2819 1272 2882 ab
1342 2798 1348 2807 ’

57 2933 139 3009 uq'ii‘a
162 2934 277 2990 terram
298 2933 486 3006 contegente
506 2927 721 3009 separabatur:
745 2925 822 2991 huod
843 2929 947 3009 itaque
968 2936 1037 2991 erut
1059 2927 1202 2992 dividens
1225 2929 1273 2991 in·

57 3041 108 3096 ter
131 3040 232 3117 equor
252 3035 431 3116 repertores
451 3042 545 3116 utque
566 3027 743 3116 inferiores,
766 3050 835 3114 seu,
856 3035 941 3117 quod
962 3036 1046 3097 idem
1068 3038 1127 3111 est,
1144 3044 1273 3116 nepueu-

57 3135 110 3205 dut
132 3143 216 3206 inter
234 3151 334 3224 eunde
354 3158 436 3223 quae
455 3150 544 3205 erant
565 3143 626 3206 sub
650 3144 708 3204 buo
728 3146 809 3205 aeria
824 3143 1006 3204 extensione
1023 3149 1052 3203 et
1068 3143 1152 3204 inter
1173 3152 1273 3222 equos

56 3263 139 3340 quae
162 3260 257 3332 supra
278 3252 379 3332 ipsum
400 3255 619 3315 constiterunt.
641 3249 820 3314 Nebulosus
835 3250 887 3312 iiie
903 3248 1006 3312 fornix
1021 3258 1178 3311 austrorum
1193 3251 1270 3331 qui-

53 3359 128 3421 dein
150 3359 252 3421 visum
274 3346 471 3438 prohibebat,
487 3367 519 3421 ai
533 3359 608 3422 satis
622 3370 728 3420 meare
743 3358 866 3420 sinebat
879 3356 1014 3420 solarem
1030 3357 1145 3436 iucem,
1159 3372 1270 3437 quem·
1327 3400 1330 3407 ·

57 3464 230 3529 admodum
251 3475 283 3528 et
304 3462 400 3529 modo
422 3465 483 3547 iit,
508 3476 607 3547 quum
633 3468 734 3531 nubes
763 3464 886 3529 coetum
909 3462 1081 3528 obducunt.
1100 3464 1179 3537 Quid
1195 3477 1272 3528 aero

53 3570 245 3636 discriminis
265 3580 349 3636 esset
369 3573 451 3636 inter
470 3572 724 3654 atmospbaeram
750 3572 836 3636 diam
858 3586 990 3654 eamque
1005 3579 1068 3652 qua
1091 3571 1188 3635 modo
1203 3574 1270 3634 uti·
1345 3644 1353 3650 ,

56 3700 142 3759 mur,
155 3674 214 3761 ego
236 3689 322 3746 certo
345 3678 449 3746 dicere
471 3694 534 3747 rrod
549 3678 663 3746 audeo:
680 3675 813 3746 sortasse
827 3684 897 3746 tatis
911 3690 978 3746 eret
999 3683 1083 3744 idias
1105 3687 1206 3743 status
1221 3688 1272 3741 at-

54 3808 118 3873 que
141 3790 302 3868 conditio,
326 3799 363 3854 ut
385 3779 583 3874 nequaquam
604 3784 792 3854 nebulosum
813 3790 966 3854 fornicum
988 3789 1089 3851 scindi
1111 3793 1165 3847 adt
1180 3785 1274 3848 dissi-

57 3901 128 3980 pari
150 3898 355 3980 permitteret.
370 3900 497 3963 certum
520 3887 644 3963 interim
667 3907 832 3980 ratumque.
846 3905 906 3975 est,
923 3897 999 3958 baeu
1020 3894 1126 3956 omnia
1148 3894 1283 3956 ratione·

55 4000 162 4083 legum
183 4025 201 4070 a
224 4005 289 4068 Deo
310 4007 529 4086 impositurum
551 4020 665 4085 nempe
679 4016 719 4067 en
731 4005 895 4068 uoluntate
908 4002 1065 4066 creaturis
1085 4007 1118 4064 et
1130 3999 1270 4064 Conser-

55 4115 172 4176 vetoris
195 4122 323 4177 naturae
345 4112 441 4177 tuisse
462 4112 558 4178 facia:
587 4128 686 4206 quare
703 4127 785 4177 unus
808 4114 876 4178 iure
897 4111 1018 4193 optimo
1039 4109 1115 4174 baeu
1137 4109 1269 4172 iussisse

85 4369 102 4420 1
121 4364 169 4420 iub
186 4362 327 4431 ΧΧΧῩΙΙΙ,
346 4365 373 4420 9.
414 4317 419 4329 '
