2970 5002
1283 353 1342 423 tet

114 505 192 560 rttm
217 488 364 560 lormatio
388 494 564 578 occupavit,
581 507 662 578 quae
677 498 763 560 iustu
777 494 958 575 geologiras
972 494 1133 560 doctrinas
1148 496 1243 576 longa
1259 505 1342 562 tem·

114 607 210 684 poris
229 604 362 686 periodo
384 605 522 684 perlecta
544 614 602 668 est.
633 604 749 668 Verum
773 607 896 667 tametsi
918 605 1007 668 florei
1036 605 1199 669 faciendae
1235 610 1343 669 ess'ent

116 707 306 777 huiusmodi
329 714 490 776 doetrinae
512 732 611 794 eaque
635 713 715 776 laeta
736 715 852 796 quibus
874 715 1065 793 innituntur,
1081 716 1130 778 vel
1154 715 1179 777 si
1200 714 1343 776 Buklan·

114 817 162 884 dii
185 823 342 884 sententia
367 823 402 903 (ξ
418 820 465 902 V)
487 823 733 902 admitteretur,
767 833 802 885 ut
823 823 927 903 primo
952 823 997 884 illi
1025 823 1113 903 operi
1136 814 1255 903 paucae
1286 824 1342 887 ho·

115 946 175 993 rae
200 930 381 993 tribuantur
402 939 458 993 eut
481 931 576 993 etiam
597 948 679 1008 una;
704 940 808 993 tamen
833 940 934 994 totum
953 930 1032 994 illud
1055 932 1142 1012 quod
1165 931 1197 992 in
1214 930 1275 994 laoe
1291 948 1343 994 so-

117 1034 180 1100 tart
196 1038 248 1101 die
263 1046 443 1119 superesset
463 1040 627 1119 temporis,
652 1039 793 1119 prolecto
814 1039 908 1102 nimis
928 1048 1099 1118 angustum
1121 1039 1245 1101 ceteris
1257 1057 1340 1120 quae

113 1144 149 1207 in
174 1161 214 1233 en
236 1143 319 1207 laets
342 1153 416 1208 sunt
429 1146 629 1208 continendis
648 1148 817 1227 unicuique
839 1148 937 1208 videri
958 1146 1062 1208 debet.
1086 1146 1171 1217 Quae
1189 1147 1336 1208 animad-

114 1255 225 1316 versio
248 1256 351 1315 mutto
372 1253 473 1330 magis
494 1254 587 1331 valet,
612 1255 638 1314 si
658 1255 753 1317 verba
776 1254 829 1315 illa
850 1253 1338 1319 v.19(2·ll:0uartisanimoa·

113 1361 207 1426 riter
232 1369 338 1425 terrae
356 1370 388 1439 et
408 1362 568 1425 universis
588 1363 784 1441 volatilibus,
800 1367 909 1428 stricte
932 1373 1007 1427 sunt
1026 1364 1220 1445 arripienda,
1237 1365 1288 1425 nel
1310 1362 1337 1424 si

113 1473 258 1534 terrenis
282 1472 495 1533 animantibus
516 1470 664 1549 aquatilia
698 1473 887 1551 coniungere
908 1474 1067 1551 volumus,
1104 1473 1151 1534 rel
1175 1473 1200 1532 si
1223 1454 1336 1553 proto-

112 1589 287 1658 parentum
311 1579 467 1657 funestam
490 1580 799 1661 praevaricationem,
819 1589 851 1643 et
871 1583 984 1645 iustam
1000 1583 1116 1645 summi
1140 1580 1255 1646 iudicis
1268 1600 1341 1644 sen·

112 1690 251 1751 tentiam
274 1698 306 1752 et
326 1692 471 1754 acerbam
493 1709 510 1751 a
532 1693 679 1756 Paradiso
711 1675 931 1769 expulsionem
953 1689 1011 1770 ipsi
1046 1689 1108 1752 diei
1135 1696 1224 1753 sexto
1244 1691 1339 1752 attri-

112 1801 260 1864 buimus.
284 1800 349 1862 line
370 1808 473 1863 tamen
497 1809 693 1882 postremum
715 1799 836 1862 nullam
856 1799 932 1861 mihi
946 1799 1011 1860 ueri
1026 1799 1264 1862 similitudinem
1286 1800 1342 1861 ha·

112 1913 195 1974 ltere
217 1909 352 1982 videtur;
370 1927 432 1971 non
455 1910 541 1971 enim
563 1912 645 1971 Deus
665 1907 809 1986 vidisset,
824 1910 927 1972 omnin
941 1907 1157 1990 qrtueserernt
1180 1924 1245 1970 esse
1262 1907 1341 1978 bena

114 2016 226 2092 valde,
240 2017 336 2097 idque
357 2034 429 2098 eum
453 2018 482 2079 in
503 2034 543 2079 eo
562 2025 631 2079 erat
645 2024 680 2079 ut
695 2016 843 2078 deiiceret
857 2023 964 2078 sextus
984 2016 1033 2077 lrie
1043 2013 1109 2076 dies
1124 2015 1162 2095 (e.
1181 2015 1203 2091 l,
1219 2034 1247 2075 v.
1265 2014 1337 2092 ult),

120 2128 148 2190 si
173 2127 381 2206 praecipuum
403 2141 483 2206 opus
506 2121 643 2188 interea
667 2141 747 2203 quae
770 2122 887 2184 fenerat
901 2123 960 2184 iarn
976 2124 1094 2185 melum
1108 2125 1243 2183 evasisse
1269 2141 1339 2202 per-

121 2232 291 2314 spexisset.
307 2232 338 2294 ld
362 2241 465 2294 tamen
490 2231 617 2293 tradunt
637 2229 741 2305 multi,
756 2230 941 2309 inter²quos
966 2229 1121 2304 irenaeus,
1140 2229 1337 2308 Epiphanius

122 2348 160 2401 et
181 2336 315 2418 Ephrem
334 2343 362 2416 ¹,
385 2340 440 2420 qui
461 2344 733 2419 proto-parentem
748 2353 786 2398 eo
801 2337 870 2415 ipso
890 2335 954 2414 die,
976 2352 1040 2416 quo
1065 2344 1188 2399 creatus
1203 2336 1262 2398 luit
1278 2335 1339 2414 2,e

124 2447 272 2528 paradiso
293 2446 432 2509 eliciunt.

129 2590 134 2595 ·
162 2554 269 2619 Placet
291 2557 342 2619 hie
364 2555 612 2641 animadvertere
633 2553 717 2635 quod
742 2554 777 2635 (ξ
798 2552 919 2632 LXXV)
944 2552 1091 2628 indicavi,
1109 2553 1259 2635 quodque
1273 2572 1337 2618 non

121 2680 237 2746 parum
261 2665 291 2726 in
316 2681 384 2726 rem
405 2671 545 2726 nostram
567 2662 644 2724 milri
667 2663 791 2723 videtur
812 2662 926 2724 habere
946 2664 1109 2724 momenti.
1122 2663 1264 2742 Capitell
1280 2664 1341 2725 Ge·

120 2773 338 2835 desis-iterum
363 2772 406 2854 (a
429 2791 458 2834 v.
483 2770 556 2851 Ν)
583 2769 622 2831 de
644 2769 744 2851 prima
766 2788 871 2832 rerum
893 2770 1056 2833 molitione
1077 2787 1182 2834 sermo
1202 2778 1260 2834 est:
1286 2789 1339 2834 ve·
1385 2757 1389 2768 ¹

124 2862 198 2943 rum
223 2879 396 2960 hoecapite
419 2881 470 2939 rix
490 2896 586 2960 opera
601 2880 682 2939 tertii
698 2888 754 2941 aut
768 2880 848 2940 sexti
872 2878 933 2940 diei
955 2887 1181 2941 memorantur:
1209 2875 1339 2959 etpau·
1428 2874 1432 2879 ’

119 3006 155 3051 es
179 2989 232 3052 illa
252 3006 334 3069 quae
356 2989 395 3050 de
418 2999 553 3070 utroque
574 2988 625 3050 die
647 2989 696 3050 lrie
719 2989 923 3067 adiiciuntur,
947 3004 1021 3050 ecee
1039 2988 1216 3050 tibistatim
1238 3005 1338 3065 argu-

119 3105 226 3158 menta
248 3097 451 3177 suppeditant
472 3103 581 3158 eontra
602 3096 763 3172 vulgarem
799 3097 1000 3173 sententiam,
1023 3113 1060 3158 as
1086 3104 1232 3175 reseptos
1262 3096 1335 3156 illos

120 3204 368 3285 vigintiquatuor
389 3205 537 3267 horarum
552 3204 619 3266 dies
643 3205 652 3285 (
668 3205 685 3284 ξ
699 3204 760 3266 ttv
774 3202 797 3283 l.
814 3202 924 3266 Nonne
938 3205 1035 3280 igitur
1049 3204 1264 3281 argumentari
1279 3222 1336 3267 no·

122 3312 303 3392 bis-licebit,
317 3314 402 3394 quod
417 3315 512 3375 etiam
534 3313 575 3374 de
596 3313 706 3375 ceteris
722 3312 834 3374 diebus
856 3313 939 3374 idem
961 3312 1109 3386 eveniret,
1127 3312 1164 3387 si,
1180 3312 1337 3391 quemad-

123 3421 255 3484 modum
273 3422 313 3482 de
334 3422 459 3507 duobus
480 3421 566 3500 feeit,
589 3421 631 3483 ita
653 3421 692 3482 de
714 3437 908 3500 unoquoque
929 3427 1109 3482 ceterorum
1129 3438 1218 3482 secer
1246 3423 1328 3483 scri·

119 3541 193 3609 pter
216 3531 323 3612 paullo
347 3531 445 3593 lusius
467 3531 573 3610 aliquo
595 3531 628 3592 in
651 3529 721 3592 lore
743 3530 932 3604 dissereret?

134 3667 137 3674 ·
160 3639 239 3712 Cum
262 3642 364 3721 primo
386 3640 486 3718 capite
508 3639 575 3700 dies
597 3647 684 3699 sexte
707 3637 908 3699 concluditur
929 3637 997 3710 illis
1014 3637 1129 3699 verbis:
1153 3637 1336 3716 «viditque

121 3747 243 3810 «Deus
265 3755 376 3810 cuneta
399 3763 481 3827 quae
503 3746 628 3822 lecerat,
653 3753 794 3808 eterant
832 3747 922 3808 valde
944 3746 1037 3810 trouu.
1076 3745 1114 3807 llt
1151 3746 1338 3809 factumest

153 3935 504 4006 ltmdfflmnmnl

138 4032 1335 4104 ,mmmmmmmmmmmmfflmmmmmummm

110 4134 185 4188 vitae
202 4140 273 4185 statu
292 4130 371 4199 primi
390 4137 513 4197 parentes
534 4130 690 4184 manserint.
710 4133 851 4185 Caesarius
872 4132 884 4195 (
894 4131 968 4183 Diui.
983 4130 1008 4181 ὅ.
1021 4134 1118 4183 interr.
1137 4130 1212 4194 172)
1237 4131 1335 4194 partim

108 4226 1332 4296 mampMQMpmmimmmffiwfflmmfflomsmm.fflmmsm

108 4323 1333 4397 mmmmnmfflmmmmwmmmfflmmmmffifflmmmm

108 4421 300 4478 fundamento.

1091 4519 1108 4558 a
