2970 5002
1287 333 1346 395 bos

127 477 143 515 a
174 484 369 534 cumrerum
391 469 549 533 exstitisse
564 489 594 535 a.
619 471 800 539 Tireorlorus
823 470 1065 552 llopsucstenus
1083 471 1221 552 scripsit:
1240 492 1257 533 a
1274 473 1343 535 Non

123 584 142 630 <t
171 580 274 642 minus
295 580 429 641 stultum
451 588 511 657 cst,
527 582 654 660 quando
667 581 762 662 aliqui
779 583 873 644 etiam
888 598 1010 656 eorum,
1028 583 1080 661 qui
1112 590 1284 643 censentur
1297 582 1343 661 pil

123 698 144 743 tt
171 697 201 751 et
222 689 334 752 divinis
354 689 524 769 Scripturis
545 692 673 752 credere
699 709 732 752 sa
754 690 953 770 profitentur,
977 691 1116 767 Angelos
1141 699 1173 752 et
1199 690 1342 753 invisibi-

121 809 141 852 α
169 798 215 860 les
242 797 363 877 aliquas
391 798 522 858 virtutes
548 809 620 861 ante
641 798 775 861 risibilia
799 799 939 860 extitisse
967 800 1181 873 arbitrentur,
1207 815 1281 861 cum
1304 817 1342 859 ex

118 917 137 958 tt
165 906 272 967 divina
291 904 451 985 Scriptura
473 905 592 968 nullam
607 906 699 968 buius
721 905 940 986 probationem
963 907 1074 968 afferre
1088 907 1211 987 possint
1234 915 1280 966 1».
1296 908 1345 969 Si·
1431 923 1433 927 ·

121 1015 218 1078 milia
242 1014 337 1077 docet
356 1013 585 1094 Theodoretus‚
608 1016 662 1094 qui
684 1022 789 1076 tamen
812 1015 911 1077 addit:
936 1015 1110 1079 dummodo
1143 1000 1255 1078 natura
1279 1020 1344 1078 An·

116 1123 272 1197 getarum
294 1130 397 1185 creata
419 1122 516 1185 luisse
540 1123 751 1201 concedatur,
775 1123 853 1185 nibil
875 1130 984 1193 contra
1014 1123 1108 1185 tidem
1135 1138 1172 1184 ac
1192 1125 1341 1203 pietatem

116 1225 244 1308 faeere,
266 1228 293 1291 si
315 1229 386 1310 quis
407 1246 462 1292 cos
482 1237 555 1292 ante
579 1228 704 1293 coelum
726 1237 758 1291 at
781 1238 896 1291 terram
916 1231 1063 1293 conditos
1096 1231 1224 1293 dixerit.
1249 1231 1338 1292 Basi-

115 1333 190 1401 lius
210 1336 419 1401 seleuciensis
441 1338 521 1401 coeli
542 1344 706 1418 terraeque
727 1339 857 1401 condito
880 1356 945 1401 non
959 1340 1131 1402 anteriores
1142 1339 1281 1417 Angelos
1291 1339 1336 1399 ln·

115 1449 177 1510 cit.
204 1446 378 1526 Procopius
401 1447 537 1510 Gazaeus
559 1447 804 1527 probabiliorem
826 1455 917 1528 putat
938 1449 1136 1527 sententiam,
1153 1466 1225 1511 cum
1248 1449 1338 1511 coelo

113 1545 269 1636 Angelos
291 1557 436 1619 conditos
451 1574 532 1620 esse.
547 1558 742 1635 Augustinus
763 1559 808 1620 Dc
825 1557 890 1619 Cin.
906 1557 962 1619 Dei
976 1556 1028 1634 xl,
1050 1559 1088 1622 to
1104 1565 1135 1618 et
1147 1558 1223 1620 alibi
1239 1558 1269 1636 2,
1285 1576 1340 1619 eos

111 1667 229 1744 prima
260 1665 311 1727 die
339 1672 489 1745 creatos,
517 1673 550 1728 et
583 1665 662 1728 lucis
692 1665 820 1728 nomine
856 1667 1081 1745 cornprcbendi
1108 1670 1252 1747 putavit:
1290 1677 1340 1731 tn·

111 1791 196 1839 men
208 1773 246 1837 C.
259 1774 386 1853 XXXll,
410 1781 599 1855 potestatem
620 1776 738 1857 cuique
759 1774 832 1837 lacit
852 1776 937 1854 quod
962 1776 1036 1838 velit
1057 1777 1220 1857 sequendi,
1244 1779 1338 1840 dum·

111 1883 223 1948 modo
244 1892 366 1953 creatos
388 1903 405 1945 a
427 1885 492 1947 Deo
514 1892 638 1947 constet
658 1882 807 1961 Angelos.
831 1883 866 1944 ln
888 1883 1032 1946 eamdem
1053 1886 1339 1948 sententiamcon-

111 1995 246 2074 spirare
268 1992 391 2056 videtur
413 1993 583 2072 Gregorius
615 1994 725 2074 liqui
745 1994 884 2056 tamen³
907 2001 981 2056 ante
996 1993 1099 2056 lucem
1128 2012 1183 2057 eos
1216 2005 1338 2058 creatos

110 2099 384 2181 iudicatlunilius
412 2101 578 2163 Africanus
603 2119 750 2164 unacum
772 2101 862 2165 coelo
876 2109 1004 2163 atterra
1018 2101 1189 2181 productos
1214 2105 1335 2163 asserit:
1425 2112 1427 2116 ⁴

111 2207 297 2272 Eucherius
319 2206 452 2288 Angelos
478 2207 556 2271 lucis
574 2208 800 2288 significatione
825 2217 947 2272 erectos
971 2209 1128 2285 intelligit,
1142 2210 1161 2269 i.
1185 2225 1212 2269 e.
1234 2209 1337 2288 primo

112 2319 185 2380 die.
209 2317 254 2378 lta
275 2315 414 2406 Isidorus
436 2317 640 2396 Hispalensis,
664 2319 717 2398 qni
739 2318 868 2380 idicirco
890 2318 1017 2396 quando
1041 2317 1180 2395 Angelos
1202 2317 1307 2379 dicltf
1325 2348 1336 2364 ·
1421 2323 1425 2329 '

116 2433 192 2489 etos
215 2432 414 2488 calcomnem
429 2435 609 2488 creaturam
623 2427 732 2487 mundi
757 2444 789 2488 ec
812 2427 958 2489 absolute
979 2433 1051 2488 onte
1066 2444 1184 2489 omnem
1210 2432 1335 2488 creatu·

112 2550 202 2609 ram,
225 2533 360 2609 benigne
382 2533 638 2614 interpretandus
661 2543 718 2596 est.
741 2532 829 2596 ldenr
852 2531 1020 2596 dicendum
1034 2533 1179 2610 debeda,
1195 2533 1251 2614 qui
1265 2532 1335 2597 An-

112 2639 210 2717 gelos
232 2638 324 2701 docet
345 2639 378 2700 ia
400 2640 467 2718 ipso
486 2642 642 2721 principio
665 2641 851 2704 conditionis
867 2641 967 2702 factos
991 2657 1064 2702 cum
1097 2640 1200 2720 coelo,
1227 2648 1333 2719 terra,

112 2752 192 2809 a'o're
217 2756 248 2808 et
262 2766 343 2829 aqua
362 2747 390 2826 l;
414 2767 510 2829 quare
532 2752 608 2811 dum
624 2769 678 2814 eos
693 2750 769 2812 dicit
782 2759 855 2812 ante
875 2750 892 2802 ll
912 2750 1104 2812 creationem
1118 2749 1228 2813 mundi
1244 2767 1335 2811 crea-

111 2864 177 2934 tos,
199 2855 421 2936 intelligendus
444 2869 491 2919 est
506 2859 543 2920 dc
558 2859 665 2921 ordine
676 2859 896 2940 praelationis,
913 2877 976 2921 non
997 2859 1036 2919 de
1052 2855 1201 2937 temporis
1226 2873 1333 2936 qaan-

111 2962 229 3048 titate,
251 2970 287 3025 ut
309 2964 375 3044 ipse
409 2967 515 3027 statim
538 2967 673 3043 subiicit,
711 2985 813 3046 nequa
840 2968 879 3028 de
904 2960 1025 3028 mundo
1061 2970 1280 3028 consummato
1301 2968 1334 3024 et

111 3067 261 3130 formato.
292 3068 377 3131 idem
404 3079 509 3134 tenent
530 3073 687 3153 Rupertus
706 3123 713 3152 ,
735 3074 935 3153 Ansbertus,
970 3080 1002 3134 et
1026 3080 1137 3134 auctor
1160 3086 1331 3150 commen-

111 3175 267 3238 tariorum
291 3179 321 3238 in
347 3179 498 3256 Psalmos,
512 3182 565 3260 qni
589 3183 669 3242 inter
682 3182 863 3262 Hieronymi
875 3198 970 3261 opera
986 3186 1158 3259 ponuntur.
1175 3177 1265 3254 liugn
1277 3175 1328 3237 Vi·

111 3284 256 3347 ctorinus
278 3294 351 3367 post
372 3289 496 3352 coelom
518 3291 615 3353 iactos
638 3292 776 3368 Angelos
798 3298 915 3367 censet;
939 3293 1055 3370 quippe
1077 3289 1108 3348 in
1139 3287 1229 3350 coelo
1254 3287 1325 3366 ipso

111 3400 255 3474 creatos,
279 3412 360 3474 quac
381 3396 445 3460 iere
468 3399 578 3462 iisdem
600 3399 703 3464 verbis
726 3400 810 3481 apud
832 3400 961 3463 Petrum
984 3397 1195 3467 lombardum
1215 3396 1325 3488 legun·

143 3712 158 3759 1
177 3705 340 3774 Philoponns
356 3705 488 3760 Theodori
503 3703 676 3779 adversarius
693 3711 778 3774 putat,
798 3702 878 3769 hunc,
899 3705 980 3760 tacito
998 3708 1117 3771 nomine,
1137 3705 1328 3776 reprehendere

114 3806 258 3858 Basiliam.
701 3801 705 3807 ’

145 3903 163 3953 2
184 3907 282 3958 Contra
300 3902 421 3954 Faustam
438 3908 468 3956 L.
487 3903 567 3979 Xxll,
587 3903 670 3953 10-
690 3902 727 3954 Dc
747 3901 817 3954 Gan.
840 3901 877 3952 ud
889 3903 933 3954 tit.
952 3904 989 3965 Il,
1007 3902 1025 3954 Β
1042 3926 1076 3942 -
1094 3901 1177 3956 Serto.
1198 3905 1281 3958 coti.
1295 3905 1327 3959 ds

111 4007 192 4065 temp.
211 4002 246 4051 At
267 3999 345 4066 dans.
364 4002 413 4062 xi,
432 3998 475 4063 tt,
495 4007 555 4052 anta
573 4012 649 4051 omnc
668 4007 784 4066 tempus,
804 4010 958 4066 omnemque
984 3998 1159 4066 temporalem
1180 4006 1327 4054 creaturam

111 4111 156 4152 eos
174 4098 296 4150 extitisse
315 4096 381 4150 vult.
996 4112 997 4116 ¹

141 4194 160 4244 3
181 4195 246 4245 Mor.
267 4198 295 4246 t.
316 4195 431 4246 xxviii.
451 4194 480 4244 c.
504 4192 543 4244 li.

139 4291 159 4340 d
181 4292 337 4354 Quaestio
358 4291 424 4342 Gen.
446 4293 477 4343 Et
496 4291 522 4343 in
541 4295 663 4344 Hernici.

138 4390 158 4441 b
178 4387 238 4441 Lib.
259 4387 483 4455 cartenarium.
501 4389 528 4440 in
545 4389 580 4440 9.
