2970 5002
1241 294 1282 356 29

57 429 175 498 orium.
191 429 222 498 Si
237 428 291 512 itu
308 432 395 497 iuxta
409 435 536 513 etymon
550 429 646 510 vocis,
664 430 791 495 nomina
805 432 859 493 illa
873 430 1129 512 interpretemur,
1145 447 1273 494 eamne

29 521 32 527 ¹
56 546 88 604 in
103 559 294 623 unoquoque
308 559 392 604 esen
403 540 513 604 diebus
525 540 616 603 facile
628 547 764 622 apteque
777 540 987 619 explicantem
995 539 1026 602 in
1038 538 1171 616 siugulis
1186 520 1272 601 enim

23 656 40 665 ’“
57 645 194 731 aperitio
213 646 367 732 quaedam
379 656 426 712 est
449 648 497 711 rel
511 647 646 725 evolutio
670 646 720 709 vel
739 647 906 722 colluitur,
920 644 1141 708 commistione
1168 643 1283 724 aliqua-

20 831 22 834 Α
53 748 104 821 uel
116 754 307 839 'confusione
320 775 424 822 rerum
439 747 657 839 praecedente:
674 772 783 820 rerum
798 756 858 818 troc
873 752 988 816 melius
1003 753 1084 816 intre
1096 752 1277 834 apparebit.

100 868 189 931 ilices
207 865 298 947 ,'lroc
320 866 417 929 modo
431 867 524 928 rerba
539 865 591 927 illa
605 864 710 945 potins
732 863 864 940 figurate
877 871 910 924 et
924 861 1047 942 poetice
1066 877 1164 942 quam
1188 861 1276 922 iuxta

56 971 195 1041 litteram
211 974 354 1054 intelligi.
372 975 412 1036 At
430 973 511 1053 quot
532 980 607 1035 sunt
624 971 710 1052 'apud
725 971 900 1034 orientales
920 959 1014 1032 voees
1037 968 1275 1048 locutionesque

56 1086 179 1163 poetice
192 1093 225 1146 et
239 1100 302 1145 non
322 1083 361 1143 ad
384 1083 505 1143 litterae
526 1081 673 1143 corticem
697 1079 928 1155 intelligendae!
945 1079 1013 1141 Hoc
1026 1079 1183 1142 Genescos
1205 1077 1273 1169 pri-

59 1207 150 1252 mum
172 1197 279 1270 eaput,
303 1187 447 1267 quamvis
463 1187 538 1249 illud
560 1186 751 1248 carminibus
776 1193 839 1247 non
853 1184 987 1248 audeam
1007 1184 1113 1246 dicere
1133 1183 1277 1248 couscri-

56 1306 163 1377 ptum,
179 1297 300 1377 poesim
313 1306 417 1358 tamen
433 1295 550 1375 ubique
561 1295 653 1375 sapit.
669 1295 755 1375 quod
770 1293 903 1356 sortasse
918 1292 1048 1355 materis
1063 1291 1130 1372 ipse
1142 1293 1206 1355 tere
1217 1309 1272 1354 ne·

60 1405 234 1467 cessarium
258 1403 400 1466 iaciebat.
416 1403 458 1466 dt
469 1398 577 1468 revera
595 1403 736 1483 loquitur
757 1401 825 1464 lreic
839 1401 922 1468 Deus
936 1401 1183 1481 creaturisquae
1201 1403 1279 1464 senss

57 1509 133 1572 sum
161 1527 226 1572 non
237 1509 376 1586 liabent,
398 1526 480 1591 quoe
495 1517 613 1572 tamen
636 1508 718 1571 Eum
733 1509 878 1589 audiunt,
893 1515 925 1570 ct
939 1509 1009 1571 uoci
1023 1507 1097 1571 Eius
1109 1506 1279 1570 obediunt.

63 1637 79 1673 ι
92 1616 157 1688 Qua
166 1618 285 1694 lingua,
295 1618 340 1678 ait
351 1616 560 1696 Augustinus,
574 1616 696 1679 uenerit
707 1614 791 1676 Deus
802 1613 885 1677 diem
896 1614 1012 1686 lucem,
1024 1622 1056 1675 et
1067 1614 1211 1675 tenebras
1224 1631 1281 1676 uo·

10 1728 13 1733 '
57 1745 79 1787 ιι
95 1726 314 1790 ctemi'Utrum
329 1725 464 1788 hebraea
475 1742 515 1787 an
528 1739 693 1802 graecane
706 1723 855 1798 letina,an
869 1720 973 1802 aliqua
987 1721 1165 1802 aliaidpud
1179 1706 1281 1785 lleuur

60 1854 80 1894 ιι
98 1839 146 1896 est
160 1832 375 1912 sineslrepitu
389 1839 421 1895 et
434 1833 613 1912 diversitate
639 1831 819 1908 linguarum
841 1845 940 1910 purus
961 1829 1185 1893 intellectus.»
1209 1829 1218 1910 (
1236 1828 1281 1890 lle

59 1939 138 2001 Gen.
152 1939 191 2000 ad
207 1939 252 2001 lit.
266 1941 289 2000 l;
299 1939 507 2021 c.10).Nonne
518 1939 640 2019 poesim
652 1937 684 2000 id
700 1937 842 2001 redolere
855 1936 989 2015 videtur,
1000 1937 1086 2024 quod
1098 1935 1181 1999 [leus
1193 1936 1279 1999 videt

62 2048 169 2109 lucem
182 2054 214 2110 et
226 2046 286 2110 elia
301 2065 358 2110 sua
373 2063 469 2126 opera
490 2055 532 2123 et,
548 2047 647 2110 veluti
659 2044 771 2108 artilex
783 2062 841 2108 suo
855 2061 952 2124 opere
966 2044 1079 2124 laetus,
1100 2062 1137 2107 ea
1158 2046 1275 2126 edpro·

63 2153 119 2214 bat
132 2153 143 2233 l
157 2153 241 2215 Vidit
258 2153 345 2233 qued
358 2153 479 2215 bouum
494 2151 529 2230 l?
550 2153 583 2216 st
597 2154 721 2231 poetica
737 2152 813 2213 haec
833 2150 940 2213 dicere
961 2167 1117 2228 veremur,
1133 2152 1174 2215 de
1200 2136 1277 2216 roco

59 2271 125 2322 non
147 2278 202 2324 ero
218 2260 386 2323 sellicitus.
412 2258 507 2322 Color
521 2266 618 2334 certe,
634 2267 668 2322 ul
683 2261 724 2319 ite
748 2257 866 2333 dicem,
891 2258 1161 2338 euphraseologia
1184 2260 1280 2324 huius

64 2368 180 2449 capitis
201 2375 264 2429 tam
276 2374 363 2429 extra
376 2382 579 2430 communem
594 2383 685 2430 usum
702 2365 803 2446 posita
817 2366 952 2448 ridetur,
964 2373 1033 2433 tam
1045 2369 1086 2431 ab
1102 2370 1218 2432 usitato
1231 2370 1279 2432 lni-

60 2476 236 2539 stoeiarum
264 2483 296 2536 et
320 2475 541 2539 chronicorum
556 2475 638 2556 stylo
652 2475 768 2551 differt,
784 2492 879 2556 quam
894 2478 1131 2552 extraordinarii
1147 2486 1278 2558 prorsus

59 2592 121 2645 eta
137 2582 248 2644 ceteris
262 2582 402 2665 laistoriis
423 2583 538 2648 diversi
551 2587 683 2647 eventus
704 2583 750 2645 illi
772 2592 847 2647 sunt
866 2586 921 2666 qui
933 2586 976 2648 ibi
992 2594 1170 2649 narrantur.
1192 2587 1281 2650 Licet

64 2692 163 2766 igitur
185 2692 377 2754 concludere
400 2701 433 2754 nt
447 2691 522 2755 alibi
535 2690 661 2773 scripsit
683 2693 895 2775 Hieronymus
916 2713 934 2756 ι
952 2694 1036 2758 diem
1054 2712 1112 2774 pro
1137 2703 1280 2776 tempore

60 2800 198 2878 accipe»
216 2798 224 2880 l
239 2799 272 2861 ln
288 2799 329 2861 Is
346 2799 471 2880 XVlli),
521 2873 524 2879 ,
543 2861 546 2867 ,
937 2811 941 2821 ’

101 2907 168 2972 xtt.
182 2907 396 2989 Orgeretqnis
412 2916 583 2990 practerea:
597 2885 794 2976 llin'rocibus
804 2929 933 2994 erepere
947 2921 1076 2979 etmnne
1088 2918 1171 2980 diem
1187 2925 1275 2996 natus

60 3015 161 3078 ralem
172 3015 304 3078 llcbraei
317 3016 534 3096 designabant,
554 3025 591 3080 ut
609 3024 786 3083 constater
802 3021 880 3085 llan.
895 3023 972 3102 vlit,
989 3025 1037 3086 ld.
1058 3026 1156 3105 Usque
1170 3026 1212 3087 nd
1224 3044 1278 3091 ve*

59 3140 187 3205 eperum
199 3131 229 3186 et
244 3125 425 3204 connection
439 3125 499 3188 diro
512 3125 770 3204 militauerant·
783 3135 813 3191 el
833 3129 1035 3192 mundabitur
1048 3131 1281 3194 &ueterrimo

59 3238 92 3291 et
106 3249 135 3292 v.
151 3232 192 3292 26
205 3231 286 3294 virio
296 3248 425 3312 verpere
446 3240 476 3294 et
488 3249 588 3295 moue.
605 3234 774 3298 Hebraieus
789 3239 894 3296 textus
908 3252 975 3300 nen
990 3235 1085 3299 habet
1099 3236 1184 3300 rj'tt
1201 3232 1280 3301 illud

64 3339 133 3402 dice
148 3339 159 3420 (
176 3340 224 3402 uti
238 3341 333 3403 etiam
348 3341 537 3422 versioSyr.
551 3348 585 3404 et
598 3340 708 3422 drab.)
724 3359 806 3424 qnae
823 3327 884 3406 vox
897 3345 1102 3424 expositionis
1116 3346 1215 3424 gratia
1226 3347 1281 3410 nd·

64 3445 152 3509 ditur
166 3446 197 3509 in
212 3463 323 3525 graece
339 3448 482 3510 versione
492 3455 527 3510 et
541 3450 573 3512 in
586 3448 722 3527 vulgata.
737 3451 838 3513 Habet
860 3451 1027 3516 hebraicus
1050 3452 1162 3516 codex.
1179 3472 1208 3518 v.
1225 3456 1278 3518 m.

62 3555 168 3636 usqua
186 3555 230 3618 ed
251 3572 420 3649 creperum*
435 3574 547 3636 mune,
567 3564 600 3619 ct
614 3575 643 3620 v.
664 3559 716 3622 26.
729 3559 950 3640 vieinneeper'c
960 3569 991 3625 el
1004 3580 1094 3624 meuc
1109 3594 1119 3641 ,·
1139 3581 1195 3626 scu
1213 3581 1280 3626 nte·

62 3663 172 3737 sotini
195 3663 276 3726 llicit
297 3663 403 3745 itaque
416 3665 539 3728 Daniel:
554 3682 656 3747 nsque
679 3666 719 3728 ad
733 3684 896 3747 vesperum
917 3687 1007 3734 meuc
1021 3669 1085 3734 dno
1099 3671 1197 3732 millia
1213 3679 1279 3730 tre·

59 3778 155 3834 centa
169 3818 177 3848 ‚
193 3787 267 3834 cum
291 3772 388 3835 uellet
409 3773 524 3854 dicere,
550 3791 651 3854 usque
671 3775 712 3860 ad
734 3774 800 3841 dies
816 3775 865 3838 llis
877 3777 965 3839 mille
979 3784 1143 3839 trecentos.
1160 3777 1205 3838 lta
1219 3767 1281 3840 nos

64 3893 140 3941 cum
152 3877 257 3939 dicem
270 3877 430 3956 velumus,
446 3881 616 3959 quemdam
630 3882 661 3945 in
677 3890 762 3947 certe
774 3884 972 3966 alique-urbe
986 3883 1113 3961 triginta
1124 3884 1195 3947 dies
1209 3902 1279 3949 esse

61 3991 317 4067 cornmoratuua,
339 3987 505 4048 eonnmode
524 3989 663 4051 dicimus
684 3989 832 4053 hominen
857 3991 887 4051 iu
904 3991 982 4052 urbe
998 3989 1052 4053 illa
1066 3991 1168 4071 solem
1180 3994 1287 4054 meri·'

55 4093 193 4154 dianam
209 4098 265 4154 aut
278 4093 356 4155 solis
370 4109 517 4156 occasum
533 4095 635 4159 tricies
649 4098 764 4170 vidisse
779 4148 786 4171 ‚
803 4099 851 4159 vel
869 4099 1044 4163 indicamus
1058 4101 1219 4163 hominem
1234 4121 1281 4165 se·

54 4200 351 4281 ptuagintaennos
372 4210 503 4286 natum,
522 4198 727 4288 'affirmantes
743 4190 940 4290 septuaginta
964 4187 1107 4289 hyemes
1120 4209 1209 4272 illum
1223 4226 1282 4273 nu-
