2970 5002
136 321 196 386 mu

130 474 256 546 tempus
273 459 299 524 ¹:
318 458 432 541 potius,
450 455 673 531 diodonadem,
689 451 771 519 diem
782 454 918 535 primum
933 454 1084 537 appellari
1113 455 1154 518 ab
1168 472 1206 518 co
1224 463 1350 538 tempus

130 567 225 649 illud,
237 573 527 650 quantumcumque
540 560 669 624 demum
685 560 789 637 luerit,
805 563 890 641 quod
903 564 983 627 inter
996 560 1171 642 primitivae
1196 564 1278 627 lucis
1289 565 1349 627 iui-

131 676 212 740 tium
226 674 298 738 eius
315 690 414 754 usquc
440 668 534 734 finem
548 667 826 749 comprehenditur
839 669 988 750 quodque
1014 668 1160 735 tenebrae
1174 687 1351 748 praecesse·

129 789 217 846 runt.
232 779 423 861 Principium
434 777 498 849 diei
509 794 575 841 coac
587 776 645 839 Dei
658 781 717 840 cst:
732 775 789 856 fiat
804 773 875 851 lucc,
891 776 935 837 ait
947 775 1147 840 Ambrosius·
1165 777 1206 847 Et
1220 778 1352 847 Basilius

134 891 255 956 scribit:
276 911 291 948 1
312 889 371 963 Qui
391 894 491 951 status
516 884 575 948 luit
594 887 628 947 in
650 886 771 948 mundo
791 891 864 947 ante
885 882 964 947 lucis
976 886 1227 967 generationem,
1249 891 1348 953 isnon

137 1021 155 1060 a
176 1008 329 1081 eratnox,
341 997 397 1063 sed
410 998 554 1063 tenebrae
570 994 648 1060 nssllt
663 993 858 1072 Augustinus
875 993 904 1057 2:
925 994 1032 1061 alitae
1049 995 1196 1063 tenebrae
1213 997 1353 1063 nondum

136 1116 268 1172 uacant
288 1125 365 1188 uox,
393 1105 536 1172 nondum
563 1104 647 1168 enim
672 1114 884 1186 praecesserat
904 1108 981 1171 dies:
1006 1106 1110 1175 divisit
1123 1107 1244 1186 quippe
1267 1106 1345 1172 bens

139 1239 156 1275 a
178 1216 260 1280 inter
279 1216 385 1280 lucem
418 1222 451 1281 et
472 1214 629 1288 tenebras,
651 1220 684 1278 et
705 1215 793 1295 prius
815 1215 920 1279 lucem
942 1215 1064 1284 vomuit
1094 1215 1208 1291 diem.
1238 1198 1347 1283 deiude

136 1342 156 1387 11
180 1323 325 1388 tenebras
339 1330 466 1389 noctem
480 1328 522 1400 et,
546 1322 626 1386 iacta
648 1323 729 1398 luce,
754 1322 916 1404 usquead
936 1323 1071 1387 alterum
1093 1338 1187 1387 mane
1209 1338 1347 1389 mmmc-

140 1456 156 1492 a
177 1439 319 1496 moratus
341 1439 390 1497 est
408 1431 476 1497 dies
488 1448 581 1496 unus:
597 1429 802 1499 manifestum
823 1430 955 1496 estillos
967 1431 1035 1497 dies
1049 1450 1067 1495 a
1080 1431 1150 1495 luce
1163 1433 1347 1512 coepisseet

141 1561 158 1600 a
178 1546 334 1605 transacta
356 1539 428 1603 luce
447 1554 548 1621 usque
569 1538 609 1601 ad
630 1554 723 1605 mane
743 1540 887 1619 singulos
912 1538 1095 1609 terminatos
1107 1562 1137 1602 a.
1152 1538 1200 1604 lta
1212 1539 1346 1611 sentiunt

133 1647 326 1730 complures,
342 1646 513 1728 interquoa
526 1646 867 1728 chrysostomusloan.
878 1647 1070 1731 Philopoous
1082 1649 1136 1730 qui
1151 1647 1347 1719 Theodorum

134 1755 393 1837 Mopsuestenum
416 1757 573 1821 contraria
592 1757 760 1822 docentem
786 1755 929 1828 refellere
951 1767 1095 1836 conatur,
1118 1763 1152 1820 et
1173 1756 1345 1830 Victorinus

134 1862 188 1944 qui
201 1863 346 1928 libellum
360 1863 399 1927 de
412 1864 472 1929 lrac
486 1862 670 1946 quaestione
683 1866 821 1948 scripsit,
832 1865 954 1929 editum
977 1883 1050 1931 cum
1071 1865 1140 1935 aliis
1155 1858 1345 1947 opusculisa

133 1973 170 2056 P.
186 1973 366 2038 sirmondo.
386 1974 455 2039 Nou
475 1973 613 2041 multum
634 1973 761 2042 roboris
780 1973 886 2055 habet,
901 1974 941 2037 ad
965 1973 1167 2055 probandum
1191 1973 1261 2045 dies
1282 1974 1347 2042 istm

136 2082 304 2162 inciperes
325 2099 467 2164 vespera,
480 2082 512 2145 id
525 2084 611 2163 quod
632 2083 779 2160 afferunt,
802 2083 958 2164 uidelicet,
983 2083 1066 2147 diem
1087 2083 1174 2163 apud
1196 2083 1346 2156 Hebraeos

134 2171 161 2256 a=
174 2207 305 2272 vespera
327 2193 455 2258 duxisse
475 2193 611 2272 initiam;
635 2193 820 2274 pracsertim
842 2211 915 2261 auur
928 2194 996 2257 dies
1020 2192 1065 2256 illi
1079 2192 1346 2275 iudaiciavespe-

132 2316 170 2362 ra
184 2301 222 2363 ad
235 2316 397 2382 vesperam
406 2302 661 2380 extenderemus
670 2303 736 2365 dies
750 2320 824 2367 vero
836 2303 974 2380 mosaici,
992 2301 1018 2367 si
1032 2319 1050 2366 a
1063 2319 1198 2383 vespera
1207 2303 1348 2383 incoepe-

132 2424 171 2472 re
187 2409 260 2489 qdia
274 2412 501 2491 vesparapriua
524 2411 716 2488 nominatur,
746 2411 841 2474 iidem
854 2428 926 2473 cum
940 2427 1033 2477 mane
1046 2409 1236 2485 terminasse
1246 2412 1347 2482 dicen·

138 2515 171 2577 di
185 2521 302 2593 essent;
315 2516 401 2597 quod
415 2523 448 2579 et
459 2516 549 2580 valde
569 2516 664 2583 dicut
677 2518 719 2581 ab
730 2517 944 2585 Hebraeorum
956 2519 1202 2596 consuetudine,
1218 2527 1253 2584 et
1267 2518 1348 2589 ridi-

136 2624 246 2689 culum
257 2625 402 2706 estquis
415 2631 500 2689 esset
511 2625 578 2690 dies
589 2626 674 2691 idem
688 2643 725 2690 ec
739 2643 811 2690 uox.

175 2732 366 2798 Beronibus
385 2740 563 2815 suspendet
575 2735 774 2799 msacmulta
788 2737 934 2816 superius
950 2735 1109 2818 diximus(
1127 2735 1200 2816 §Xl
1213 2746 1247 2801 et
1263 2735 1316 2805 Xll
1327 2735 1347 2814 1.

138 2835 339 2907 Credendum
361 2841 547 2923 rideretur,
569 2842 673 2924 primo
694 2843 768 2920 die,
791 2861 881 2906 muse
896 2845 994 2908 luisse
1016 2844 1145 2925 quaudo
1166 2846 1227 2918 lua
1242 2832 1348 2918 111111-

136 2949 251 3030 coepit,
276 2957 308 3013 et
326 2966 491 3032 uesperam
512 2951 640 3033 quando
660 2949 826 3016 deficiebat
859 2962 892 3015 et
915 2951 1093 3030 languidior
1112 2960 1273 3019 evaserat:
1300 2970 1346 3015 ne·

140 3073 204 3138 que
223 3057 308 3125 cuim
330 3057 499 3126 verisimile
519 3059 679 3141 est,illarn
701 3061 741 3124 ed
762 3066 924 3124 summunt
944 3059 1124 3142 splendoris
1137 3060 1280 3139 gradum
1293 3069 1347 3126 sta·

139 3165 198 3228 tinr
221 3167 403 3247 peruenisse
432 3175 488 3234 aut
507 3177 670 3255 momento
690 3167 861 3234 extinctam
881 3185 976 3247 esse,
998 3167 1053 3231 sed
1075 3169 1179 3246 magis
1200 3169 1350 3239 credibile

137 3273 290 3354 ridetur,
320 3292 390 3340 eam
409 3276 567 3355 gradatim
590 3265 622 3340 et
643 3277 806 3358 paullatim
829 3278 988 3359 usquead
1011 3281 1190 3344 maximum
1203 3277 1356 3360 splendo-

137 3395 208 3443 rem
229 3382 388 3458 crevisse,
411 3389 537 3464 etpost
556 3392 681 3449 certum
703 3393 828 3468 tempus
849 3403 905 3467 per
926 3387 1043 3466 gradus
1054 3385 1225 3470 defecisse,
1241 3397 1277 3456 et
1289 3399 1357 3457 tan-

137 3487 210 3550 dem
221 3491 351 3554 omnino
373 3489 470 3556 luisse
484 3493 727 3558 extinctamdst
740 3496 802 3560 lroc
814 3513 955 3560 asserere
968 3514 1032 3561 non
1047 3496 1162 3579 audeo,
1175 3501 1257 3582 quia
1268 3502 1353 3581 phra-

137 3595 180 3657 sis
200 3596 255 3659 illa
272 3646 280 3675 ‚
299 3597 363 3679 suit
386 3617 542 3684 uespere,
566 3604 779 3684 praemittitur
799 3604 889 3668 alteri
910 3605 1046 3686 phrasi,
1068 3614 1099 3671 et
1118 3605 1185 3687 fuit
1213 3626 1318 3679 mune.

169 3705 285 3787 ltaque
305 3709 493 3775 alterutrum
529 3731 569 3776 ex
589 3713 639 3776 bis
661 3713 786 3777 duobus
808 3715 906 3777 teneri
928 3720 1043 3795 potest:
1059 3715 1108 3779 rel
1121 3717 1222 3796 quod¹
1235 3722 1356 3803 primus,

139 3814 219 3896 dies,
242 3819 383 3899 aprima
408 3819 487 3884 lucis
510 3822 706 3903 apparitione
727 3824 846 3886 ducens
870 3823 1007 3904 initium,
1030 3831 1098 3889 tum
1121 3828 1356 3907 uesperumba-

137 3923 266 4002 buerit,
290 3945 389 4006 quum
413 3929 469 3993 lux
492 3930 545 3992 illa
565 3931 672 4012 coepit
689 3931 832 4010 deficere
856 3949 945 3997 nacae
965 3939 1071 3996 autem
1086 3932 1130 3996 ibi
1144 3940 1358 4002 memoratum

173 4065 189 4113 1
208 4063 325 4130 Tempus
342 4065 409 4121 lacis
426 4068 507 4124 etiam
535 4070 710 4130 auersatus
736 4069 835 4132 dicitnr
862 4072 997 4131 naturalia
1014 4081 1041 4133 et
1070 4086 1149 4131 ceros
1167 4073 1239 4131 dier.
1259 4076 1300 4134 Da
1316 4073 1356 4129 1111

133 4157 225 4212 catali
243 4163 271 4214 C.
291 4156 386 4216 Xlllll.

165 4255 285 4312 ‘isarna
305 4259 408 4317 lxxix
429 4262 580 4323 Dadr'uerr·
611 4274 619 4278 “
689 4263 691 4267 ’
