2970 5002
227 271 288 334 aaa
310 258 315 267 “

228 408 318 471 initio
341 403 609 487 comprehendere
640 403 731 466 nobis
757 405 860 468 datur.
882 405 984 468 Vitam
1009 422 1096 468 nunc
1116 407 1202 486 gigni
1216 423 1282 471 non
1303 407 1442 476 ridemus
1477 432 1479 463 i

227 514 288 579 nisi
315 533 332 577 e
355 511 554 579 viventibus:
581 496 723 592 adeoqui
747 513 786 573 de
810 512 991 592 primeeiue
1012 513 1134 592 origine
1153 530 1173 574 e
1194 513 1351 594 scientiis,
1368 535 1443 598 quae
1477 500 1479 525 ³

225 624 446 692 observatione
467 637 574 687 rerum
595 623 751 697 nitantur,
771 621 848 685 nihii
863 624 992 686 omnino
1006 641 1133 703 sperare
1154 612 1339 702 possumus.
1354 625 1441 690 itate·
1474 604 1479 715 a}

226 736 327 816 riam,
349 741 385 798 ut
398 734 531 810 dicunt,
557 731 682 795 oratam
703 732 735 793 in
749 714 930 810 organicam
956 733 1192 812 transformare,
1211 734 1273 796 nisi
1286 743 1378 798 extre
1398 738 1439 799 ri·
1477 718 1479 821 i

227 859 304 904 vens
318 838 447 922 aliquod
460 856 588 919 corpus,
603 856 734 918 prorsus
757 840 927 902 nescimus.
951 839 1059 920 ltaque
1084 840 1161 903 nihii
1174 819 1274 905 ¹eliud
1287 843 1434 906 naturalis
1477 854 1479 863 ¹

227 947 359 1012 scientia
380 946 571 1010 concludere
598 952 726 1026 potest,
753 945 814 1008 nisi
838 947 939 1011 Deum
963 947 1100 1011 votuisse
1122 965 1162 1010 en
1184 956 1291 1011 creata
1317 951 1440 1014 materie

227 1057 295 1120 freni
320 1056 445 1137 piantes
469 1062 502 1116 et
526 1056 670 1135 semina,
706 1055 771 1117 sive
792 1055 912 1119 somine
927 1063 959 1117 et
974 1056 1109 1136 piantes,
1123 1065 1155 1117 et
1169 1057 1212 1119 ita
1226 1055 1351 1120 iactum
1368 1076 1438 1122 esse.
1477 1052 1479 1111 ἶ

267 1165 393 1228 Putavit
406 1212 416 1246 ,
429 1172 466 1227 ut
479 1164 540 1226 iem
556 1163 692 1226 vidimus
714 1162 753 1244 (ᾖ
775 1161 856 1243 vlt),
871 1164 1081 1244 Augustinus,
1100 1165 1164 1228 -hoe
1178 1166 1230 1228 die
1245 1174 1365 1241 terram
1378 1185 1436 1245 gor·

225 1276 364 1339 minasse
391 1280 513 1338 tantum
533 1272 722 1362 canyssaiiter
742 1280 775 1334 et
797 1271 1013 1352 potentialiter
1033 1272 1161 1336 henham
1180 1282 1211 1339 et
1233 1273 1368 1356 tipasam:
1382 1276 1433 1338 ie.
1477 1250 1479 1353 i

204 1446 210 1459 Ι
228 1381 421 1467 producendi
446 1384 601 1465 accepisse
620 1383 785 1446 virtutem.
801 1381 886 1454 Quae
901 1382 1053 1462 appellari
1068 1383 1172 1446 solent
1185 1384 1268 1447 vires
1282 1393 1343 1448 aut
1356 1388 1436 1449 virtu·
1477 1389 1479 1453 ἐ

228 1501 279 1555 tes
295 1493 393 1558 alteo
410 1498 541 1556 naturae
558 1491 695 1567 inditae,
719 1489 867 1570 ipsisunt
875 1507 1062 1555 ,numerosae
1081 1491 1221 1560 rationes
1234 1492 1432 1574 incorporati·
1475 1542 1479 1593 t

138 1662 141 1666 .
231 1613 284 1671 ter
302 1605 461 1685 corporeis
481 1602 575 1691 redas
596 1604 741 1666 intextae
758 1602 786 1676 1,
809 1599 859 1661 vel
873 1599 1002 1664 intimae
1023 1602 1160 1666 rationes
1173 1619 1274 1687 quas,
1290 1610 1437 1686 tamquam

231 1712 439 1789 seminaliter,
463 1713 582 1790 spartit
605 1713 687 1774 Deae
716 1712 752 1774 in
776 1717 850 1774 ceta
871 1710 1063 1788 creationis,
1090 1727 1184 1790 qaam
1198 1708 1290 1773 dimit
1313 1710 1344 1773 et
1367 1707 1440 1791 facta

231 1828 306 1886 sunt
320 1817 353 1900 ²,
377 1836 459 1900 quac
480 1820 623 1882 doctrina
636 1821 802 1882 obscurior
813 1799 891 1881 mihi
905 1825 965 1880 cst.
980 1817 1071 1897 Nem,
1086 1818 1115 1879 ei
1128 1818 1268 1880 rationes
1283 1820 1362 1888 istae
1375 1823 1436 1880 sunt

232 1931 321 2010 leges
341 1947 400 2011 per
420 1946 498 2010 ques
522 1930 650 1992 Creator
669 1936 702 1992 et
722 1946 806 1993 nunc
822 1920 991 1999 nfaturniesx
1004 1936 1153 2009 operetur
1167 1926 1436 2012 effectus,(quum‚

232 2056 263 2103 e.
285 2056 319 2118 g.
340 2039 466 2118 plantas
487 2053 584 2100 novas
605 2038 774 2119 producit,
798 2044 853 2102 eut
873 2038 994 2119 species
1015 2055 1073 2118 per
1095 2037 1216 2100 semine
1237 2033 1439 2125 muitiplicet)

231 2154 272 2212 ut
292 2149 432 2211 secunda
454 2147 621 2230 Augustini
642 2147 773 2210 innuere
796 2148 920 2212 videtur
934 2147 1097 2224 definitio,
1114 2163 1177 2208 non
1193 2146 1436 2226 intelligiturcor

232 2255 295 2319 hae
319 2256 405 2335 leges
427 2256 548 2337 primos
568 2255 640 2319 iilos
670 2256 800 2318 effectus
833 2273 896 2325 non
926 2256 1064 2336 amplius
1100 2255 1308 2337 producant,
1332 2255 1436 2319 scilicet

235 2364 381 2429 estsine
403 2366 523 2428 semine
543 2365 666 2446 piantes
687 2363 839 2445 facientes
862 2382 991 2446 semen,
1012 2343 1159 2428 eut'sine
1180 2365 1304 2444 plantis
1323 2363 1435 2428 semine.

237 2475 302 2540 Nec
325 2468 415 2538 sacro
436 2475 537 2537 textui
556 2477 632 2565 satis
653 2473 824 2565 conformia
844 2475 969 2536 ridetur
989 2473 1185 2552 germinatio.
1198 2472 1252 2535 iiia
1262 2519 1275 2552 ,
1299 2470 1436 2537 conseatis

234 2583 458 2647 tantummodo
475 2591 512 2645 et
531 2582 715 2647 invisibilis:
737 2601 825 2664 narn¹
842 2592 915 2664 post
936 2582 1259 2665 divinumimporium
1278 2583 1382 2663 stetim
1395 2582 1435 2648 eit:

234 2694 278 2758 Et
293 2693 433 2774 protulit
455 2700 543 2757 terro
563 2674 626 2757 etc.
642 2693 769 2772 Verum,
797 2694 829 2756 ni
842 2693 953 2772 failor,
966 2709 1061 2773 parva
1081 2693 1186 2774 aitqua
1200 2692 1439 2757 immutationu-

233 2803 286 2863 ius
307 2803 500 2878 sententiae,
525 2809 558 2864 et
580 2819 650 2864 eam
671 2820 744 2865 cum
767 2810 855 2866 textu
875 2803 1033 2866 Geneseos
1066 2808 1099 2863 et
1132 2801 1220 2865 hunc
1242 2819 1321 2867 cum
1349 2801 1440 2882 genio

122 2948 125 2952 »
225 2907 314 2987 z{picis
337 2909 621 2992 observationibus,
636 2929 718 2992 quae
737 2912 835 2982 veluti
848 2909 990 2974 naturaie
1009 2912 1170 2992 quoddam
1183 2909 1442 2977 Commentariun

230 3014 323 3086 iilius
347 3024 452 3081 te'xtus
472 3019 635 3082 habendae
658 3027 752 3096 sunt,
775 3018 915 3100 perheiie
935 3019 1093 3082 conciliet.
1116 3019 1168 3084 Sic
1186 3020 1299 3103 deque
1312 3028 1441 3086 nemete·

236 3131 378 3188 tuemus.
401 3126 485 3190 Deus
506 3130 538 3190 in
560 3128 746 3190 aeternitate
763 3144 819 3189 sua
843 3128 1044 3207 plantarum,
1068 3129 1116 3191 uti
1137 3134 1170 3190 et
1189 3126 1329 3192 edanum
1350 3143 1441 3192 rerum

158 3227 163 3235 '
237 3237 404 3318 omnium,
427 3239 618 3300 creationem
641 3237 789 3299 decrevit:
816 3236 979 3301 decretum
1003 3255 1077 3324 uero
1104 3238 1164 3302 hoc
1185 3237 1238 3301 die
1260 3239 1359 3304 tertio
1378 3253 1442 3320 pro·

236 3344 402 3424 mulgavit,
424 3353 461 3407 ut
481 3345 524 3408 ita
547 3344 663 3425 dicam,
678 3345 744 3425 suis
760 3344 835 3422 ipsis
849 3344 966 3424 verbis,
979 3345 1000 3406 i.
1017 3362 1047 3407 e.
1059 3345 1175 3408 efficaci
1188 3323 1443 3429 impiarumque
1477 3426 1479 3433 Ι

236 3449 355 3529 primae
380 3459 498 3528 eterra
517 3453 641 3533 pientes
662 3453 821 3533 produxit.
840 3451 989 3531 Vegetaie
1008 3453 1113 3534 itaque
1127 3469 1263 3532 regnum
1279 3461 1360 3519 tune
1378 3453 1443 3518 orie
1477 3436 1479 3473 ¹

238 3557 333 3620 betur
356 3575 474 3648 cosque
504 3563 608 3642 primo
630 3563 744 3640 stirpes
767 3569 850 3624 terre
880 3559 1060 3640 proterebat
1091 3562 1209 3642 quibus
1232 3558 1332 3626 ciime
1354 3560 1442 3632 iilud,
1474 3554 1479 3613 t'

236 3666 290 3728 iiie
312 3677 457 3746 terrene,
480 3671 534 3732 ilia
554 3673 635 3732 einis
656 3670 806 3746 conditio,
828 3687 908 3752 qaae
930 3679 1006 3733 tunc
1027 3677 1116 3748 erat,
1133 3671 1380 3752 conveniebant,
1391 3688 1444 3751 aas·
1477 3650 1479 3757 i

239 3795 301 3856 que
322 3778 503 3858 proferebat
524 3781 551 3841 vi
573 3780 732 3859 praecepti
755 3782 841 3857 quod
863 3788 1030 3858 acceperet
1047 3779 1249 3859 educatore,
1272 3780 1443 3844 formasse·

199 3944 203 3951 .
238 3890 314 3950 tiam
337 3890 497 3951 mediante
516 3889 623 3969 atique
646 3907 740 3950 cauea
761 3890 900 3951 secunde
921 3907 1016 3967 quem
1040 3890 1110 3969 ipse
1138 3887 1445 3969 praeparaverat,ri

239 3997 343 4077 atinae
367 4000 460 4062 uobis
479 3999 639 4089 incognite
662 3998 782 4060 ratione
803 4000 846 4060 ad.
865 4000 949 4071 hune
963 3997 1113 4063 etinctum
1128 3999 1278 4088 teiiurem
1291 3997 1445 4082 disposuit.

271 4252 286 4300 t
306 4248 346 4300 Da
360 4247 427 4302 Gen.
446 4245 484 4298 ad
501 4245 545 4298 iit.
563 4247 609 4300 lt.
622 4247 652 4298 c.
664 4245 708 4300 33.

269 4344 287 4394 2
307 4345 347 4398 lb.
