2970 5002
139 298 179 360 ili
295 352 298 358 .

140 432 211 491 dom
234 426 298 490 ciro
320 403 348 489 et
371 425 591 507 efficientium,
616 423 705 505 aquis
726 421 931 499 ioeutemem;
954 420 1000 484 ito
1029 427 1064 486 m
1082 427 1176 486 stom
1195 436 1281 505 opem
1299 436 1354 487 om

140 549 233 616 esset,
255 537 310 599 recl
331 538 448 617 epirote
463 542 491 598 et
504 538 569 599 vim
582 533 697 596 lobene
709 531 838 596 vitalem
865 531 1086 612 «Theophilus
1100 530 1322 596 Antiochenus
1339 534 1349 587 Ι

139 647 225 708 huno
246 646 401 726 Spiritum
425 643 541 722 aliquid
567 643 727 704 relationis
751 640 867 702 habere
888 640 1010 719 putarit
1030 655 1103 703 cum
1125 643 1199 703 luce
1220 649 1255 704 et
1269 645 1352 706 calo·

139 771 185 815 re.
202 754 298 830 iiam,
315 753 370 832 eit,
388 754 469 814 Deus
486 752 655 813 Orcoturoe
668 748 752 812 dedit
767 746 805 810 ob
819 748 992 812 viventium
1006 749 1353 832 perorationempucm-

138 860 302 923 admodum
322 859 436 921 immisti
458 859 605 933 colmam,
623 865 656 919 ut
679 857 727 918 irie
749 855 885 956 epiritus
907 869 976 918 sere
1002 870 1103 936 oquae
1122 857 1349 936 incorporaret,

139 976 169 1032 et
191 969 264 1030 hoec
285 967 325 1028 ab
346 967 405 1030 illo
425 973 592 1046 penetrata
620 965 807 1045 calefaceret
828 971 1008 1027 creaturum
1024 965 1084 1044 ipsi
1097 977 1131 1026 se
1144 966 1350 1027 commiscens.

139 1078 259 1138 Auctor
280 1076 434 1138 sermonis
454 1075 535 1137 inter
549 1090 644 1155 opera
664 1093 690 1136 s.
707 1078 788 1153 Aug.
803 1071 821 1125 Ι
838 1073 975 1155 scripsit.
994 1072 1079 1135 citio
1093 1073 1232 1152 spirituc
1244 1090 1294 1134 ree
1306 1081 1349 1136 est

144 1204 163 1243 u
188 1183 323 1260 Boinoa
345 1193 451 1247 tumen
466 1183 532 1264 ipse
545 1183 629 1245 licus
650 1182 843 1262 intelligetur
855 1196 964 1245 esse...
986 1181 1037 1242 hic
1057 1181 1204 1260 spiritus,
1233 1182 1288 1260 qui
1307 1193 1351 1242 ru·

40 1287 42 1293 ’
145 1310 161 1348 o
182 1306 242 1370 per
262 1290 426 1371 ferebatur
448 1304 558 1371 opnor,
581 1290 768 1354 seminarius
789 1296 838 1354 est
850 1289 1036 1354 animandae
1050 1288 1255 1351 conditionis:
1273 1289 1348 1351 unde

140 1417 160 1459 a
181 1405 214 1460 et
234 1410 335 1478 aquae
354 1407 387 1460 et
408 1405 510 1461 terrae
530 1415 606 1462 mou
630 1400 719 1461 iussu
733 1396 788 1460 Dei
809 1406 1020 1476 emerserunt,
1034 1396 1109 1476 quia
1123 1411 1183 1458 nec
1197 1412 1283 1475 aquo
1298 1413 1349 1457 nec

144 1527 160 1563 a
184 1513 265 1568 terra
288 1506 415 1585 vireret,
439 1507 501 1569 nisi
524 1506 575 1569 hio
595 1504 652 1568 Dei
675 1505 803 1585 spiritus
826 1507 992 1586 animaret,
1015 1503 1100 1568 uude
1122 1511 1155 1565 et
1176 1511 1264 1565 terra
1286 1503 1346 1566 iru-

141 1629 159 1670 α
180 1629 247 1690 ges,
271 1619 304 1674 et
324 1627 405 1692 aquo
427 1613 577 1692 produxit
600 1615 714 1694 pisces.
730 1612 843 1674 »ilaec
857 1612 1055 1676 subobscure
1068 1612 1228 1675 ridentur:
1245 1625 1348 1672 verum

120 1720 217 1785 ‚satie
237 1721 323 1782 clera
346 1737 418 1783 esse
439 1729 601 1802 nequeunt
621 1722 727 1801 verba,
748 1737 830 1801 quae
850 1720 938 1799 signa
959 1727 1035 1784 sunt
1055 1721 1209 1793 idearum,
1226 1719 1348 1799 quando

137 1827 227 1888 ideae
240 1827 333 1889 nimis
343 1828 497 1891 obscurae
511 1834 586 1892 sunt
597 1835 629 1890 et
640 1826 853 1908 imperfectae,
873 1828 1050 1890 cuiusmodi
1070 1833 1161 1889 erant
1176 1833 1257 1889 tuno
1272 1833 1347 1889 teur-

136 1934 224 2012 poris
246 1934 391 1996 notiones
412 1949 493 2013 quae
513 1934 554 1997 ad
577 1951 627 1997 ree
642 1933 786 2013 physices
798 1934 1008 2013 pertinebant.
1024 1932 1152 2013 Aliquid
1168 1940 1277 1995 tamen
1289 1933 1345 1994 reri

140 2039 174 2098 iu
196 2039 244 2099 his
267 2037 363 2100 latero
386 2043 542 2120 suspicor,
565 2046 597 2102 et
617 2040 751 2103 fortasse
771 2040 863 2102 vaide
883 2041 923 2102 ad
946 2039 1109 2101 veritatem
1130 2040 1256 2102 accedit
1278 2054 1347 2106 cuu-

137 2144 257 2208 iectura
277 2146 358 2224 Aug.
381 2147 413 2209 ln
434 2148 563 2228 Imperi.
579 2149 612 2211 iu
634 2148 707 2210 Gerr.
724 2147 832 2210 Dicam
853 2147 939 2228 quod
953 2147 1066 2209 sentio:
1083 2147 1139 2208 sed
1155 2159 1262 2224 meum
1276 2164 1344 2212 een-

138 2251 269 2314 tentiam
285 2271 321 2315 ea
337 2259 443 2317 mente
464 2256 622 2336 proferam
637 2263 685 2335 ut,
701 2262 811 2318 utrum
824 2273 861 2317 eu
877 2254 1051 2334 prenobilis
1064 2254 1211 2317 habenda
1225 2259 1268 2318 sit
1281 2271 1344 2318 nec·

136 2377 188 2439 ue,
211 2361 249 2425 iis
270 2365 506 2428 diiudicandum
523 2365 697 2444 relinquam
719 2363 774 2444 qui
795 2370 828 2426 ct
849 2362 889 2425 de
909 2360 1080 2426 brutiorem
1094 2362 1135 2424 de
1150 2363 1292 2444 physicis
1305 2381 1346 2427 ro·

140 2471 201 2532 bus
222 2468 361 2534 indicere
384 2477 535 2552 possunt
552 2471 653 2550 iiam,
675 2478 711 2534 ut
741 2478 844 2551 puto,
865 2471 1131 2550 chrysostomus,
1153 2470 1344 2553 Theophilus

135 2577 351 2640 Antiochenus
371 2584 405 2641 et
427 2578 645 2658 Augustinus,
672 2580 698 2640 si
722 2579 818 2644 modo
839 2578 992 2656 uiuerent,
1014 2594 1079 2642 non
1099 2579 1282 2644 admodum
1297 2579 1348 2641 im·

137 2685 322 2762 probarent.

177 2793 348 2872 Pleraeque
363 2792 624 2872 philosophorum
640 2793 767 2857 scholae
781 2798 849 2857 tum
863 2798 984 2855 veteres
1000 2800 1068 2856 tum
1088 2795 1282 2858 recentiores
1293 2811 1343 2874 gc·

62 2942 65 2948 -
140 2901 274 2961 noiatim
296 2912 451 2978 agnouere
471 2901 670 2964 existentiam
700 2908 804 2964 certae
823 2901 989 2964 cuiusdam
1004 2901 1214 2979 substentiee,
1241 2905 1345 2982 utique

141 3021 324 3086 corporeae,
344 3020 455 3070 verum
469 3023 584 3085 cresse,
601 3008 779 3088 ponderose
792 3014 825 3070 et
839 3007 998 3072 ordinaris
1011 3008 1141 3070 muteris
1153 3008 1251 3086 longe
1267 3011 1340 3072 suir-

138 3116 251 3178 tilioris
275 3134 333 3179 neo
354 3128 467 3197 parum
490 3117 532 3179 eb
550 3131 587 3180 ea
612 3116 752 3180 diversae
773 3132 867 3198 quae,
888 3122 925 3179 ut
939 3116 980 3178 ita
995 3115 1227 3198 dicam,minus
1249 3125 1345 3179 male·

136 3222 224 3284 riaiia
248 3237 322 3286 cum
336 3223 388 3301 eit,
405 3223 533 3302 spiritus
553 3224 764 3304 appellatione
778 3224 877 3303 magis
904 3223 1002 3301 (ligne
1023 3223 1177 3286 ostilam
1198 3237 1353 3303 magnum·

106 3411 108 3417 Ι
142 3344 268 3408 semper
290 3331 319 3391 in
335 3329 472 3408 physicis
484 3347 612 3392 aserere
627 3331 781 3394 initurum
792 3332 912 3394 credita
925 3336 985 3393 est.
1001 3330 1095 3395 Modo
1109 3331 1262 3408 aetheris,
1272 3345 1342 3394 mo-

140 3437 182 3500 do
204 3435 283 3510 ignis
304 3436 442 3514 nomine,
464 3434 634 3515 aliquando
655 3438 804 3500 materiae
818 3439 1022 3515 contineant
1035 3438 1130 3500 etiem
1144 3437 1237 3511 iuris,
1260 3440 1347 3501 rulo-

140 3556 212 3604 rum
235 3547 290 3602 aut
310 3539 398 3601 1Ιυί(Ιί
418 3543 567 3620 electrioi,
592 3548 717 3622 semper
741 3545 773 3604 in
792 3558 921 3606 scenam
942 3545 1035 3616 rectit,
1059 3561 1118 3606 nec
1139 3544 1229 3606 iucile
1248 3561 1271 3605 a
1292 3561 1345 3606 re·

137 3654 181 3712 ris
203 3655 314 3712 nature
349 3665 418 3709 eam
440 3660 575 3727 possunt
609 3652 767 3730 expellere
799 3654 853 3731 qui
874 3653 1113 3733 ponderabiiem
1137 3659 1262 3714 tantum
1284 3668 1347 3714 mu·

139 3757 250 3818 teriam
272 3756 382 3819 volunt
404 3749 583 3834 admitterem
607 3773 693 3836 nam,
717 3763 829 3819 nutura
849 3761 1003 3839 ducente,
1024 3777 1061 3822 ea
1082 3776 1181 3838 usque
1202 3759 1344 3821 recurrit.

138 3862 210 3924 Sine
224 3864 282 3927 hec
297 3884 325 3927 c.
342 3883 371 3944 g.
387 3867 468 3930 lucis
483 3866 611 3928 effectus
626 3865 787 3945 quomodo
801 3865 1035 3945 intelliguntur?
1046 3867 1248 3931 Recentinrcs
1264 3868 1343 3930 hanc

169 4032 184 4078 Ι
205 4030 246 4080 Ael
264 4030 422 4097 Autolycum
442 4038 471 4086 L.
493 4036 538 4098 ΙΙΙ,
559 4035 602 4087 13.

166 4127 183 4175 2
203 4125 287 4176 Sorm.
307 4125 438 4179 cxxxiv.
460 4129 491 4180 cle
510 4139 633 4199 tempore.
649 4133 727 4187 Modo
745 4130 895 4200 augustino
913 4129 1091 4194 abiudicrtur,
1109 4129 1171 4196 quia
1192 4120 1272 4196 negat
1284 4130 1345 4198 Sps·

128 4223 214 4270 rr'tum
228 4222 278 4272 Det
296 4234 356 4271 esse
376 4227 470 4286 Deum,
488 4226 559 4292 quod
577 4230 742 4293 Augustinus
760 4228 917 4285 affirmarit.
936 4231 966 4282 lu
982 4224 1048 4282 edil.
1066 4226 1182 4285 uitullus
1200 4233 1243 4282 etl
1261 4237 1344 4284 serm.

132 4317 194 4367 157.
216 4317 337 4385 Appeud.
356 4323 386 4374 T.
407 4321 438 4373 v.
831 4313 839 4330 ”
