2970 5002
137 279 177 343 to

140 439 239 500 tentia
261 437 339 501 lraec
362 437 402 500 de
420 447 529 501 rernm
550 438 707 504 creatione
721 436 922 522 temporanea
936 451 1061 522 semper
1073 441 1142 504 illis
1162 438 1265 504 luerit
1280 454 1361 506 com·

135 546 244 607 munis
261 548 288 625 ¹,
304 546 393 611 cuius
406 546 451 610 rei
464 553 560 610 testes
573 554 649 611 suut
662 548 836 629 locupletes
847 547 1000 631 Iosephus
1010 549 1043 612 iu
1057 547 1359 624 Arcioeol.l..l.e.l;

136 653 228 719 Bbilo
249 653 260 736 l
284 657 331 718 De
352 654 460 718 muudi
479 654 636 738 opificio),
659 655 813 720 Eusebius
836 658 881 719 De
901 657 1014 739 Prucp.
1040 658 1163 749 Buuuq.
1187 655 1226 721 L.
1247 649 1315 729 vu,
1330 662 1361 717 et

137 761 240 848 ldoses
252 752 484 840 llaiemonide's,
497 764 552 844 qui
566 764 704 845 primum
717 782 757 828 ex
772 763 921 827 tredecim
932 763 1071 828 articulis
1087 763 1209 827 iudaici
1226 761 1362 844 symboli

139 884 214 960 enm
239 873 466 932 commemorat
488 886 552 950 quo
572 866 657 935 Deus
677 871 816 935 creditur
835 871 945 934 mundi
966 877 1076 935 auctor
1095 888 1137 936 ex
1159 869 1282 934 nihilo.
1306 867 1364 932 lla-

83 1019 87 1026 ·
137 969 251 1038 bemus
267 982 377 1038 eutem
404 974 578 1039 firmiorem
600 993 789 1042 sermonem.
812 978 961 1044 Salomon
992 984 1101 1060 aperte
1121 983 1238 1059 negat,
1262 980 1364 1052 rerunt

134 1082 372 1174 universitatem
392 1083 433 1147 ab
453 1083 541 1164 omni
560 1085 746 1149 aeternitate
758 1085 910 1163 extitisse,
927 1086 981 1149 ubi
1001 1084 1147 1164 affirmat,
1163 1083 1362 1168 Sapientiam

135 1189 276 1254 divinam
296 1190 394 1255 fuisse
414 1199 487 1256 ante
499 1193 608 1258 omnia
627 1210 724 1274 opera
744 1193 800 1258 Dei
822 1193 935 1275 (Piov.
958 1193 1035 1284 llll,
1050 1194 1092 1259 22
1106 1194 1300 1275 hebreice),
1314 1213 1361 1256 an·

136 1307 168 1361 te
191 1306 306 1362 terram
320 1298 362 1382 (v.-
379 1299 615 1381 ue-ad),aate
635 1299 785 1380 abyssum
806 1301 901 1383 (le
914 1303 927 1384 l
942 1307 1046 1379 ,aute
1065 1301 1174 1368 fontes
1196 1309 1236 1366 et
1258 1302 1380 1382 tami-p

134 1426 175 1470 na
191 1417 222 1472 et
244 1417 369 1474 montes
384 1409 435 1491 (r.
447 1408 601 1491 etl-td),
622 1417 696 1472 ante
714 1410 821 1476 coelos
843 1411 885 1491 (r.
900 1410 967 1492 27),4
989 1411 1011 1475 i.
1033 1428 1062 1474 e.
1078 1419 1266 1494 antequam
1283 1415 1359 1476 neue

131 1524 255 1599 crearet
266 1517 385 1582 coetum
399 1524 430 1581 et
443 1524 575 1596 terrum,
596 1524 767 1598 autequam
780 1522 864 1581 esset
880 1525 969 1582 terro
991 1518 1098 1584 isuaia
1116 1526 1149 1583 et
1168 1536 1282 1584 vacuo
1296 1535 1361 1582 oum

136 1623 299 1688 tenebroso
312 1623 436 1706 abysse,
450 1632 479 1689 et
493 1624 595 1707 aquis.
616 1622 663 1688 lta
683 1622 775 1687 lesus
796 1622 880 1687 illius
900 1624 1019 1701 sirach,
1043 1623 1100 1688 liei
1120 1626 1286 1706 operibus
1315 1626 1361 1688 tri·

134 1734 236 1796 bueus
251 1734 377 1797 initium
391 1732 501 1814 (decli.
516 1731 665 1814 XVl,2d);
686 1731 732 1795 lta
755 1732 809 1796 ills
834 1750 934 1814 supro
953 1732 1076 1798 modum
1095 1741 1206 1799 muter
1229 1733 1360 1800 mirati·

135 1841 190 1920 lis,
211 1859 289 1922 quoe
306 1847 473 1922 pereuntes
487 1839 924 1922 septemilioseorupicieus,
947 1856 999 1906 eor
1021 1840 1219 1906 hortabatur
1240 1842 1359 1925 repleto

133 1951 311 2030 sapientie,
332 1954 366 2010 et
387 1955 549 2030 postremo
570 1949 626 2030 qui
646 1948 751 2013 adbuc
771 1957 960 2030 supererat,
981 1949 1117 2016 dicebat:
1154 1950 1254 2031 Peto,
1279 1957 1357 2028 riute,

133 2063 169 2120 ut
200 2057 360 2137 adspicies
380 2055 422 2118 cd
442 2054 560 2120 coelum
582 2063 613 2119 ct
635 2063 763 2134 terrum,
787 2063 817 2120 et
837 2057 879 2120 od
899 2057 1003 2122 omuio
1022 2074 1101 2139 quoe
1114 2057 1150 2122 iu
1164 2061 1216 2123 eis
1228 2063 1360 2138 aunt,·et

134 2164 322 2271 iuteliiqos,
345 2165 420 2248 quio
439 2181 483 2227 ecc
507 2163 606 2228 uiiiio
626 2162 702 2244 feeit
723 2163 783 2228 illo
808 2166 903 2244 Deus,
928 2172 958 2230 el
979 2164 1136 2229 bominum
1171 2185 1290 2246 penus,
1314 2164 1360 2249 (lt

132 2277 234 2342 llaeb.
251 2277 314 2351 vtt,
325 2273 481 2357 20-291.
503 2271 617 2338 Nescio
640 2290 681 2336 au
703 2273 797 2336 alicui
818 2274 851 2338 iu
871 2280 1011 2338 mentem
1030 2274 1152 2337 venerit
1179 2283 1359 2358 opponere,

132 2391 255 2465 septem
276 2393 452 2460 martyrum
472 2387 608 2442 matrem
627 2377 737 2460 patria
756 2397 830 2445 voce
856 2381 995 2446 loculum
1030 2379 1081 2461 (v.
1103 2382 1146 2444 2¹1
1170 2382 1196 2464 l,
1212 2384 1358 2464 adeoque

131 2489 265 2571 quaein
287 2504 401 2566 graeco
415 2487 497 2551 libro
510 2485 729 2563 illoleguutur
742 2486 917 2567 verbaipsa
937 2486 978 2549 ab
1000 2502 1036 2546 ca
1059 2487 1186 2566 prolata
1212 2507 1286 2556 nou
1309 2507 1358 2552 ee-

132 2621 177 2667 se:
192 2605 248 2667 sed
263 2602 340 2666 llam
355 2618 428 2666 cum
442 2602 530 2665 llose
550 2600 665 2664 dixisse
681 2607 806 2664 matum
827 2599 973 2665 hebraice
986 2586 1089 2683 iil&
1103 2603 1274 2671 Graecum
1290 2620 1361 2668 vero

130 2713 319 2793 scriptorem
341 2710 517 2773 reddidisse
531 2708 685 2773 excidito
701 2709 716 2789 ·(
729 2726 768 2770 ax
789 2716 946 2772 non-ente
969 2709 980 2790 l
1004 2710 1091 2790 l'eet't.
1113 2711 1157 2774 At
1179 2716 1209 2775 sl
1232 2713 1281 2778 ita
1302 2720 1358 2790 est,

131 2826 286 2890 habemus
297 2824 483 2905 scriptorem
497 2824 571 2888 libri
583 2822 727 2888 canonici
741 2831 849 2904 aperte
862 2831 1030 2888 testantem
1045 2825 1140 2889 llosis
1157 2814 1251 2891 ΝἹΠ
1265 2833 1359 2912 signi·

132 2935 227 2997 ficare
246 2934 499 2998 creationem'coe
520 2939 680 2996 ooo-eate.
702 2933 761 3004 Qui
781 2946 857 2994 vero
879 2932 1063 2996 heterodoxi
1086 2942 1174 3011 suut,
1211 2947 1250 3002 et
1274 2940 1357 3004 buno

129 3039 249 3103 librum
268 3040 349 3103 iuter
362 3040 530 3104 canonicos
544 3055 609 3103 non
623 3044 756 3119 ponunt,
779 3053 949 3114 agnoscere
974 3045 1079 3102 tamen
1100 3040 1240 3125 debent,
1269 3047 1359 3128 pium

130 3157 226 3231 atque
247 3149 407 3215 eruditum
429 3149 517 3212 illius
553 3147 705 3228 temporis
728 3146 890 3210 bominem
912 3148 1051 3229 legisque
1083 3149 1115 3210 iu
1149 3153 1273 3230 primis
1294 3162 1360 3220 atu·

134 3268 260 3330 diosum
275 3267 404 3331 minime
418 3267 580 3330 dubitasse
590 3249 776 3329 morisim
789 3265 833 3326 lta
845 3264 1085 3342 intelligendum
1098 3282 1182 3344 esse;
1200 3270 1269 3335 boc
1285 3289 1361 3337 sen·

130 3390 169 3436 su
183 3375 277 3434 etiam
291 3391 308 3433 a
321 3373 507 3436 mulieribus
521 3373 618 3435 luisse
642 3373 721 3435 illud
736 3370 932 3434 intellectum
955 3371 1098 3452 adeoque
1119 3372 1206 3438 bano
1228 3387 1357 3445 certam

129 3483 447 3560 interpretationem,
472 3480 513 3542 ab
541 3480 690 3543 omnibus
718 3487 876 3561 receptam
898 3486 930 3565 et
952 3479 1071 3546 nemini
1092 3480 1296 3550 ludaeorum
1332 3489 1361 3550 i-

132 3595 265 3666 gnotam
286 3587 393 3650 fuisse.
1048 3572 1049 3575 ¹

93 3755 97 3764 ,
170 3695 269 3758 Neee
290 3696 488 3775 suae-gentis
508 3696 651 3761 doctriua
672 3695 860 3770 discedunt,
883 3695 938 3757 sed
960 3693 1146 3758 sublimiora
1167 3712 1359 3786 exponunt,

130 3803 198 3866 eive
222 3803 336 3867 Paulus
349 3803 469 3868 doeens
490 3802 522 3866 iu
542 3803 666 3868 Christo
687 3801 758 3866 lesu
779 3801 903 3864 conditu
923 3801 1074 3867 universo
1094 3803 1128 3865 iu
1147 3806 1251 3870 coelis
1266 3820 1302 3874 et
1327 3815 1363 3874 iu

131 3918 231 3987 terra,
246 3910 387 3976 visibilia
407 3921 435 3976 et
448 3910 637 3986 invisibium
648 3910 751 3972 omnio
759 3925 818 3986 per
832 3907 934 3987 ipsum
960 3915 990 3970 et
1012 3910 1046 3970 iu
1060 3909 1128 3989 ipso
1140 3921 1268 3993 creola,
1287 3926 1324 3981 et
1338 3921 1365 3980 i·

129 4031 225 4097 psum
248 4033 318 4078 esse
336 4026 409 4081 oute
429 4034 557 4096 omues„
571 4016 592 4090 i.
606 4032 634 4076 e.
653 4016 709 4096 (ut
729 4029 840 4094 graeca
854 4016 918 4078 eius
932 4014 1028 4079 verba
1041 4015 1222 4095 inlelligere
1235 4025 1362 4090 suadet

130 4125 321 4206 contextus)
342 4128 539 4192 oute-omuiu
561 4121 895 4206 (Coloss.,l,16,17);
919 4122 983 4191 eive
1002 4106 1135 4187 loannes
1158 4142 1268 4193 uuum
1293 4152 1363 4213 po-

166 4264 182 4312 1
199 4261 326 4317 bracket.
342 4264 419 4319 Birt.
438 4266 500 4319 erit.
516 4260 617 4345 plrilm.
637 4265 697 4318 Per.
711 4253 750 4321 l't.
768 4262 800 4326 P.
817 4257 837 4319 l.
846 4261 877 4317 la·
887 4263 922 4320 ll·
932 4261 963 4316 G.
973 4258 1000 4314 d.
1018 4259 1088 4317 Stel.
1099 4260 1120 4318 l.
1132 4263 1173 4318 tte
1190 4260 1362 4342 ptetoeepu.

128 4356 254 4414 luderet.
272 4364 410 4421 eceterae
426 4361 447 4429 δ
464 4359 492 4419 2.
510 4370 558 4420 aa.
576 4356 657 4415 didi
