2970 5002
155 276 214 341 tta
284 223 286 228 Ι

155 439 172 478 a
195 414 287 481 tertio
308 414 491 479 summatim
513 419 741 491 memorasset,
764 410 827 476 iam
848 412 889 477 ad
913 409 1036 478 telluris
1057 409 1293 496 hominumque
1312 427 1365 480 an·

154 547 172 588 a
194 507 403 607 tiquissimam
426 522 588 586 historiam
605 520 836 600 progrediens,
873 523 1013 601 primum
1034 524 1214 585 accuratius
1236 508 1366 604 exponit

151 654 172 696 a
194 651 256 715 qua
277 632 398 695 ratione
419 637 602 710 procreatae
622 628 686 689 siat
706 628 833 708 plantae
858 629 910 710 (v.
936 629 991 710 6.)
1011 679 1018 705 ,
1042 630 1281 711 praemittitque
1307 632 1364 694 boc

149 761 176 809 a
194 758 224 800 v.
240 740 277 806 5.
297 788 304 817 ,
327 755 399 800 eum
421 738 525 816 primo
546 742 684 798 creasset
704 734 788 798 licus
812 737 936 799 eoelum
958 743 991 825 et
1012 744 1146 813 terram,
1181 753 1248 804 non
1273 735 1361 800 simul

155 869 170 906 a
191 847 313 927 plantas
333 845 490 908 exstitisse
510 845 544 906 in
566 843 655 904 arido
676 843 757 918 solo,
774 843 861 921 quod
881 827 945 905 etsi
961 862 1000 906 ex
1022 844 1186 925 superiore
1207 844 1361 918 narratio·

152 976 170 1016 a
193 972 233 1016 ne
255 960 427 1034 apparent,
451 951 502 1014 bic
525 959 629 1028 tamen
650 950 767 1012 diserte
787 959 1039 1031 commemorat,
1063 960 1099 1014 ut
1122 953 1296 1015 transitum
1319 952 1360 1016 fa·

104 1142 107 1149 ¹
155 1087 169 1121 a
194 1063 254 1125 aiat
274 1063 314 1124 ad
337 1079 373 1122 en
393 1052 680 1141 quaessequuntur.
705 1080 720 1118 u
744 1059 864 1132 Quibus
884 1058 978 1136 addo,
995 1059 1089 1120 etiam
1111 1075 1206 1131 voces
1228 1058 1263 1122 C.
1279 1060 1302 1122 l.
1322 1063 1356 1123 si·

150 1172 298 1250 gnifiaare
320 1171 444 1249 plantas
467 1173 631 1230 nascentes
652 1185 691 1228 ex
709 1165 916 1246 praecidaaeo
931 1166 1044 1256 semine
1057 1174 1089 1228 et
1102 1184 1142 1228 ex
1157 1167 1356 1247 praecidanea

154 1283 280 1356 radice;
303 1279 441 1359 pluviam
463 1275 550 1357 (sive
569 1276 648 1355 quid
670 1275 757 1339 aliud
777 1274 999 1357 aequivalens]
1024 1277 1141 1357 requiri
1173 1277 1276 1369 etiam*
1302 1276 1352 1357 pro

147 1390 263 1471 plantis
296 1405 401 1469 quae,
437 1385 537 1449 uallis
558 1385 712 1447 hominurn
740 1384 941 1477 cogentibus,
970 1385 1058 1465 ipsae
1079 1393 1189 1466 sponte
1223 1368 1284 1448 aaa
1307 1404 1349 1448 aa·

134 1499 251 1573 ‘alana
260 1504 292 1558 et
303 1494 430 1557 tandem
443 1494 547 1555 nullas
561 1493 691 1554 omnino
702 1491 858 1554 exstitisse
873 1492 996 1571 plantas
1010 1492 1137 1572 quando
1152 1494 1271 1554 creavit
1282 1480 1352 1554 Dens

148 1585 274 1667 coelum¹
296 1609 328 1663 et
343 1610 453 1676 teram,
468 1599 602 1679 proinde
623 1597 818 1679 superfluum
831 1605 914 1659 esset
934 1616 1064 1684 monere
1078 1616 1148 1678 nos,
1165 1598 1254 1679 quod
1269 1599 1348 1679 plan·

145 1718 197 1772 tae
217 1727 256 1770 ex
276 1708 501 1786 agricolatione
521 1715 609 1769 ortae
630 1712 707 1769 tune
727 1720 792 1768 non
812 1704 1016 1768 exsistebant:
1042 1722 1105 1786 qua
1125 1704 1215 1768 dere
1238 1705 1349 1768 nullum

146 1825 272 1901 poterat
294 1835 364 1881 esse
387 1817 540 1896 dubium,
562 1833 636 1879 oum
656 1816 752 1879 homo
773 1809 886 1878 adhue*
900 1831 964 1887 non
982 1820 1077 1876 esset.
1246 1883 1248 1887 ,

173 1929 336 1994 -Audiatur
357 1926 471 1989 iterum
489 1925 723 1989 Rosenmhller:
751 1946 765 1983 a
787 1924 869 1987 Loco
892 1923 1015 2004 pluviae
1030 1930 1063 1984 et
1084 1922 1279 2000 irrigationis
1296 1926 1350 1985 erat

149 2059 164 2095 a
185 2052 283 2116 uapor
303 2031 363 2122 'aad
383 2051 447 2114 quo
462 2035 607 2097 universa
628 2033 750 2096 telluris
772 2032 955 2112 superficies
969 2031 1164 2095 humefiebat
1178 2049 1218 2095 eo
1235 2039 1347 2114 tempo·

144 2162 163 2206 a
184 2160 240 2220 re,
265 2160 328 2223 quo
343 2147 442 2205 'tener
462 2149 617 2205 terraram
639 2143 724 2205 orbis
745 2143 884 2221 primum
906 2147 1107 2203 concreverat
1189 2147 1348 2221 antequam

43 2248 46 2257 '
73 2256 76 2264 '
146 2276 161 2312 a
182 2253 249 2317 sole
271 2269 352 2317 noro
373 2253 552 2316 lucescente
571 2258 755 2314 crearentur
774 2249 975 2331 planteam
998 2251 1260 2332 procreandaset
1280 2266 1343 2312 ooa-

52 2377 53 2380 ’
143 2346 351 2425 «servandas
374 2363 499 2443 plantas
520 2380 549 2423 u.
573 2360 670 2423 Adon
689 2376 784 2424 vero:
809 2378 827 2419 a
849 2359 940 2431 Quod
961 2376 1058 2440 supra
1093 2357 1151 2439 (l,
1175 2357 1235 2439 11)
1264 2359 1345 2439 plan·

144 2460 161 2528 'u
182 2477 230 2532 tas
250 2467 356 2533 divino
377 2468 466 2532 iussu
486 2474 611 2531 exortas
632 2467 732 2544 dixit,
756 2483 822 2529 non
837 2465 977 2528 excludit
991 2480 1101 2528 causas
1115 2466 1277 2528 naturales
1289 2464 1345 2545 qai·

140 2596 158 2637 a
174 2575 409 2656 hus,lamquam
424 2573 993 2655 instrumentis,usussitlleus.Neque
1007 2589 1088 2653 opus
1103 2579 1153 2635 est
1165 2573 1208 2635 ad
1219 2569 1346 2653 balusii)

142 2705 160 2745 a
181 2701 292 2746 versus
313 2668 476 2744 initiumo
499 2681 654 2763 superiori
674 2689 816 2760 repetere
829 2683 966 2759 negandi
980 2681 1183 2762 particulam.
1198 2671 1228 2743 a
1240 2683 1345 2746 lemva-

142 2799 179 2854 ro
200 2792 227 2853 ai
250 2792 339 2853 iuxta
358 2791 467 2854 Mosen
487 2791 589 2854 voluit
603 2789 702 2867 Deus,
728 2798 765 2854 ut
785 2808 842 2871 per
862 2791 1023 2854 naturales
1037 2809 1148 2854 causas
1163 2800 1220 2856 aut
1234 2794 1346 2855 semina

142 2899 356 2978 germinarent
377 2906 433 2961 aut
455 2899 591 2962 surculis
611 2901 876 2981 grandescerent,
892 2917 987 2963 sacer
1007 2901 1177 2963 historicus
1199 2901 1343 2964 dicendus

144 3017 194 3070 est
214 3024 276 3070 non
298 3009 432 3072 obscure
453 3009 612 3084 indicare,
637 3010 765 3072 tertium
787 3010 872 3073 hunc
892 3010 977 3072 diem
999 2989 1063 3072 na'n
1077 3011 1344 3090 periodumvigin·

141 3117 302 3198 liquatuor
322 3117 483 3198 horarum,
496 3117 552 3180 sed
574 3117 779 3196 longitudinis
799 3118 890 3180 valde
913 3119 1041 3181 maioris
1062 3124 1094 3180 et
1107 3118 1200 3181 nohis
1217 3101 1344 3197 ignotae,

138 3225 246 3289 luisse.
269 3224 434 3298 Quomodo
463 3225 561 3305 igitur
581 3226 665 3289 idem
687 3226 908 3291 Roseamiiller
928 3226 1081 3288 affirmare
1110 3227 1239 3306 potuit,
1270 3227 1344 3288 banc

134 3332 257 3394 dierum
278 3331 516 3408 genesiacorum
528 3325 820 3414 interpretationem
841 3350 910 3396 esse
929 3341 1040 3396 eontra
1067 3351 1170 3397 omnes
1198 3335 1350 3414 interpra-

134 3439 222 3520 toadi
240 3439 324 3519 ,lepos
347 3435 501 3523 latiasque
513 3442 710 3517 narrationis
724 3441 858 3505 indolens
872 3491 879 3519 ,
894 3440 1044 3523 quidquid
1054 3441 1139 3505 dicat
1152 3442 1349 3506 Heasleras?

134 3530 365 3610 Estneoontra
386 3548 483 3610 totius
506 3549 694 3613 narrationis
715 3550 855 3632 indolem
876 3552 931 3613 illa
950 3551 1190 3631 interpretatio,
1215 3568 1297 3632 quae
1314 3567 1348 3611 ex

132 3657 202 3737 ipsa
225 3654 403 3719 narratione
425 3655 619 3719 deducitur?
640 3660 797 3739 Concedo,
812 3659 920 3724 Mosen
933 3659 1092 3723 inculeare
1113 3658 1252 3722 uoluisse
1268 3708 1276 3739 ,
1292 3676 1347 3722 sea

133 3767 240 3830 diadas
260 3765 474 3843 laborandam,
499 3766 630 3848 septima
653 3769 882 3848 quiescendum·
907 3775 940 3831 at
959 3785 1024 3832 uon
1045 3786 1088 3837 ex
1109 3768 1171 3831 hoc
1184 3768 1348 3843 deducam,

133 3893 206 3939 eum
223 3875 391 3952 ,ueritatis
413 3876 508 3952 loeo,
543 3871 703 3938 eiusmodi
719 3883 857 3957 systema
877 3877 969 3940 nobis
990 3877 1124 3941 obtuliss
1164 3876 1199 3955 in
1221 3895 1287 3959 quo
1308 3876 1350 3938 di·
1379 3880 1383 3894 '

131 3983 291 4064 saipliaae,
306 3987 404 4049 omnis
420 3985 569 4068 physicae
589 3994 619 4048 et
643 3988 868 4050 astronomicae
896 3987 1034 4068 infantia
1056 3894 1266 4068 seskrodat.
1286 3987 1350 4051 Non

130 4093 277 4174 equidem
299 4110 437 4169 asseram
454 4143 462 4172 ,
482 4093 731 4160 versatissimum
753 4095 862 4159 Mosen
883 4073 1088 4179 inphysicis
1123 4097 1265 4160 scientiis
1300 4070 1355 4161 aut

128 4199 279 4294 eximium
299 4200 435 4281 aliquem
457 4206 674 4268 astronomum
694 4203 814 4266 fuisse:
840 4222 950 4268 verum
974 4206 1001 4266 si
1021 4205 1076 4268 ille
1097 4221 1161 4269 non
1197 4202 1278 4269 alias
1301 4220 1348 4268 res

133 4313 187 4408 rat
210 4307 315 4389 potuit
338 4314 392 4375 aut
411 4306 511 4375 voluit
531 4309 624 4377 nobis
660 4328 845 4395 exponere,
867 4312 929 4381 nisi
951 4313 1096 4395 vulgares
1114 4306 1267 4414 indueus
1289 4317 1350 4397 ple·
