2970 5002
1283 329 1343 392 aut

131 479 212 538 stata
230 465 257 550 ¹,
281 467 364 552 qnod
379 465 497 530 scilicet
510 469 632 531 tantum
645 454 769 528 loeutus
781 463 820 527 sit
832 466 869 527 ιιι
881 464 975 529 coelis
989 472 1017 528 ιι
1032 468 1069 529 de
1095 467 1228 531 terrenis
1240 485 1351 549 corpo-

134 582 246 657 ribus,
274 582 322 642 ito
355 586 389 638 ιιι
405 578 496 653 Deus,
512 577 680 638 secundum
692 575 806 654 ipsulm,
821 573 941 637 arellius
953 575 1127 655 incorporei
1141 578 1183 639 sit
1195 576 1348 658 coraditor,

128 691 188 754 sed
207 687 360 751 materiae
383 687 538 750 subiectae
556 692 695 747 oranter.
710 684 752 746 At
773 690 894 746 veteres
917 684 1013 764 aliqui
1028 685 1197 748 creationis
1210 686 1347 762 Angelo-

130 815 205 860 rum
227 795 334 859 Mosen
358 794 540 856 meminisse
561 793 770 872 putaruntvel
795 793 855 855 sub
876 793 955 854 coeli
978 793 1114 867 nomine,
1140 802 1175 855 ut
1189 794 1348 872 Origines,

131 905 229 981 Beda,
253 903 395 978 strabum
421 904 470 965 vel
491 902 572 964 tricis
588 951 596 982 ‚
615 901 700 982 quod
723 901 901 980 Augustino
926 919 991 964 uon
1015 901 1186 981 displicuit.
1210 901 1278 981 ligo
1300 902 1350 964 la-

137 1014 199 1076 cile
221 1013 313 1088 dabo,
340 1012 486 1092 explicite
506 1018 538 1073 et
558 1011 708 1091 peculiari
730 1011 802 1074 loeo
839 1010 879 1073 de
901 1011 1120 1089 procreatione
1149 1011 1347 1089 Angelorum

135 1123 245 1187 Mosen
268 1139 330 1184 uon
354 1120 452 1201 loqui;
476 1119 608 1183 fortasse
629 1121 711 1201 quia,
736 1127 772 1182 ιιι
795 1121 838 1182 ιιι
861 1120 1008 1200 cyrillus,
1034 1134 1116 1200 quae
1139 1137 1158 1181 a
1180 1138 1275 1183 sensu
1294 1136 1344 1182 re·
1399 1146 1402 1152 ’

136 1237 225 1293 mota
247 1235 332 1302 sunt,
356 1227 479 1292 difficile
502 1245 520 1290 a
542 1227 633 1289 nobis
657 1227 898 1306 intelliguntur;
919 1246 977 1291 nec
1005 1229 1106 1292 voluit
1132 1228 1185 1289 ille
1206 1245 1241 1290 ea
1265 1229 1347 1290 scri·
1407 1272 1411 1281 .

137 1338 203 1419 ptis
223 1336 421 1400 committere
442 1352 559 1416 quaea
583 1335 758 1413 legentibus
781 1336 900 1415 percipi
925 1353 988 1398 uon
1010 1345 1150 1416 possent;
1166 1352 1248 1415 quae
1264 1337 1344 1398 ratio

140 1446 307 1528 praecipue
340 1447 371 1507 in
393 1445 550 1508 Hebraeos
571 1448 675 1521 valet,
699 1454 734 1507 ut
754 1445 997 1525 chrysostomus
1031 1448 1164 1511 advertit
1181 1446 1209 1509 2.
1234 1448 1351 1513 Verum

132 1557 263 1620 omniuo
284 1555 527 1618 existimandum
550 1554 684 1632 videtur,
707 1573 781 1617 eum
804 1556 843 1616 ιιι
866 1556 926 1636 his,
947 1557 1099 1635 implicite
1126 1559 1249 1634 saltem,
1275 1577 1345 1622 esse

134 1665 292 1728 locutum:
317 1682 374 1725 neo
394 1663 491 1744 enim,
516 1661 555 1722 de
576 1661 704 1740 Angelis
727 1681 820 1744 saepe
832 1664 1024 1726 mentionem
1050 1664 1201 1744 facturus,
1224 1669 1350 1730 volebat

129 1794 194 1859 eos,
210 1775 364 1838 increatus
387 1775 499 1854 putari.
523 1775 592 1838 Non
614 1775 741 1855 quidem
757 1774 900 1849 arbitror,
921 1774 1025 1853 ipsum
1040 1775 1211 1838 intendisse
1225 1787 1260 1838 ut
1277 1794 1349 1839 coc·
1369 1788 1373 1798 '

130 1886 237 1950 lorum
260 1885 387 1947 nomine
415 1883 552 1962 Angelos
573 1884 832 1962 intelligeremus,
856 1883 911 1944 sed
936 1885 1040 1963 potius
1066 1885 1346 1964 comprehendisse
1380 1872 1384 1877 ⁴

133 1992 216 2057 coeli
240 1993 367 2055 nomine
390 2009 425 2053 ea
447 1993 552 2054 omnia
574 2009 655 2073 quae
676 1992 826 2054 coelestia
852 1993 1057 2068 vocabantur,
1084 1992 1114 2053 in
1140 1994 1254 2072 quibus
1275 1998 1345 2074 pri„

127 2103 172 2164 mi
198 2108 272 2165 suut
293 2102 417 2180 Angeli.
442 2100 475 2162 ιιι
498 2109 583 2182 patet
605 2118 645 2160 ex
666 2102 716 2162 Ps.
733 2099 885 2177 cxtvttt,
912 2104 942 2161 iu
964 2118 1039 2180 quo,
1077 2110 1111 2162 ut
1134 2102 1265 2163 Suarius
1292 2105 1350 2166 ob·

131 2218 248 2292 servat,
274 2211 309 2273 id·
327 2211 412 2292 quod
434 2211 535 2274 Moses
556 2210 707 2290 implicite
728 2210 858 2285 dixerat,
886 2211 1009 2289 exponi·
1023 2212 1259 2290 quodammodo
1286 2221 1337 2274 at-

129 2341 192 2405 que
212 2323 369 2385 enucleari
392 2321 525 2384 videtur.
549 2320 626 2384 Nam
652 2322 755 2400 primo
771 2320 917 2382 eoelestia
941 2323 1114 2397 generatim
1136 2323 1176 2384 ad
1199 2322 1253 2384 Dei
1280 2322 1343 2384 lau·

129 2432 202 2494 dem
223 2433 403 2494 invitantur:
429 2451 446 2492 ιι
470 2430 605 2492 Laudate
627 2429 796 2491 Dominum
819 2430 978 2501 decoctis.
1006 2431 1130 2492 laudate
1146 2450 1218 2494 eum
1243 2434 1273 2492 in
1289 2450 1344 2493 ex·

128 2525 222 2602 celsis
237 2557 265 2601 a:
290 2538 404 2601 deinde
424 2539 602 2601 declaratur
622 2535 697 2615 quid
711 2535 894 2597 coelestium
911 2538 1037 2599 nominc
1053 2539 1165 2600 veniat:
1188 2541 1343 2601 «Lauda-

127 2658 158 2709 ιι
174 2665 377 2724 comumnes
398 2648 509 2724 Angeli
532 2647 608 2721 eius,
636 2642 761 2706 laudate
781 2661 855 2705 eum
876 2663 987 2706 omnes
1001 2649 1133 2709 virtutes
1159 2649 1239 2709 eius.
1263 2647 1345 2709 Lart-

127 2758 289 2817 (tetecum
313 2757 360 2818 sol
382 2763 413 2816 et
431 2755 507 2816 luna
592 2754 664 2834 quie
687 2756 753 2833 ipse
774 2755 853 2816 dixit
874 2763 906 2815 ot
928 2754 1107 2831 factasunt,
1132 2758 1342 2837 ipsemunde·

130 2865 176 2925 vit
190 2869 336 2926 etereata
360 2871 475 2924 sunt.»

160 2969 317 3033 LXXXVI.
334 2971 467 3034 llaxime
483 2985 556 3032 vero
570 2968 652 3031 iavet
667 2969 827 3031 doctrinae
841 2969 914 3032 huic
928 2975 960 3030 et
974 2969 1086 3031 allatae
1109 2972 1343 3051 interpretatio·

124 3081 158 3143 ni
179 3081 347 3143 verborum
361 3080 456 3142 iliosis
481 3079 612 3150 Concilii
625 3078 689 3139 Lat.
703 3078 740 3139 lV
753 3079 912 3142 dceretum
926 3096 990 3159 quo
1003 3079 1127 3142 dicitur:
1147 3083 1229 3142 Deus
1244 3083 1340 3144 Crea-

127 3198 178 3252 tor
191 3191 327 3254 omaium
348 3189 521 3252 visibilium
548 3197 579 3250 ιι
603 3186 819 3264 invisibilium,
838 3188 1054 3268 spiritualium
1067 3196 1096 3250 ιι
1109 3191 1338 3271 corporalium,
1370 3183 1372 3187 ’

126 3299 181 3379 quai
209 3316 267 3359 suu
284 3297 484 3382 omnipotenti
495 3298 615 3359 virtute
635 3295 731 3360 simul
751 3297 791 3357 od
811 3297 902 3358 initio
930 3299 1080 3377 temporis
1112 3306 1279 3380 utrumque
1305 3301 1343 3362 de

123 3404 224 3467 atarto
250 3404 387 3466 coadidit
402 3412 599 3481 creaturam,
613 3403 816 3484 spiritualem·
838 3412 870 3466 ιι
881 3405 1087 3486 corporalem,
1107 3406 1343 3487 uupelieumui·

122 3512 235 3576 delicet
260 3519 289 3573 et
304 3509 499 3588 mundanam,
517 3519 547 3574 et
567 3511 677 3573 deiude
692 3511 857 3574 humanum
874 3513 965 3594 qarosi
986 3531 1171 3592 communem
1184 3532 1228 3578 esc
1242 3515 1343 3595 spiri-

124 3630 160 3684 tu
183 3626 213 3683 ιι
228 3638 356 3702 corpore
369 3622 581 3685 constitutum.
601 3620 735 3683 Tametsi
750 3621 877 3683 Petrum
903 3620 1158 3686 Lateraneusium
1187 3642 1224 3684 ea
1246 3639 1342 3686 mens

127 3747 193 3792 non
221 3729 316 3792 fuerit
342 3738 379 3793 ut
398 3730 479 3792 hanc
504 3732 721 3812 quaestionem
742 3730 938 3811 dirimerent,
959 3731 1014 3792 sod
1037 3739 1071 3792 ut
1096 3731 1175 3792 alios
1203 3732 1339 3793 damna-

111 3840 195 3902 'rent
207 3855 341 3920 errores,
357 3839 453 3919 ‘quod
470 3839 546 3902 alibi
561 3858 634 3902 cum
656 3858 681 3902 s.
696 3839 816 3902 Thema
830 3841 961 3901 indicavi
978 3839 1036 3920 (ἐξ
1050 3839 1131 3917 xxi,
1149 3839 1243 3903 xxiv
1257 3840 1281 3921 ),·
1297 3849 1342 3902 ta-

127 3965 199 4010 men
215 3949 379 4013 latendum
391 3950 515 4013 videtur
528 3967 599 4013 eum
613 3950 735 4026 Suario,
752 3950 927 4013 Concilium
941 3951 972 4010 in
987 3949 1121 4012 formula
1147 3950 1199 4012 illa
1215 3951 1342 4030 praedi·

119 4064 205 4119 ctam
220 4076 347 4140 quoque
375 4059 553 4122 doctrinam
577 4058 718 4140 profiteri
737 4067 789 4135 ,et
803 4060 904 4140 prima
929 4059 1024 4123 uerba
1050 4059 1221 4126 Geneseos.
1244 4059 1339 4123 modo

155 4315 169 4361 1
191 4309 242 4362 lul.
259 4310 330 4376 apud
348 4311 475 4378 cnsilium
492 4312 523 4368 t.
541 4313 567 4380 tl
586 4310 688 4367 Contra
706 4309 808 4366 tettan.
856 4350 860 4357 .

156 4407 183 4458 ι.
204 4407 284 4463 Hom.
306 4405 367 4472 iia
388 4409 457 4464 dra.
902 4405 905 4413 ’
