2970 5002
1208 338 1268 402 165

113 445 294 550 'iimmot
303 463 436 546 mendic
445 480 509 547 qao
523 464 651 530 nemine
662 467 831 532 anamodo
844 467 954 539 classis
967 477 1164 537 cetacecrum
1174 475 1267 556 (quaa
1372 460 1376 467 ’

113 593 152 638 aas
176 590 239 639 nou
261 580 336 636 sunt
357 590 451 635 sensu
472 573 704 653 zoelogerum,
727 584 759 639 at
779 586 853 641 aunt
866 577 1002 659 [vulgari
1026 597 1122 645 sensu
1155 590 1187 644 et
1206 599 1266 646 an-

113 683 238 765 torum),
257 683 312 746 sed
336 689 368 744 et
389 681 451 744 alia
471 682 590 746 maiora
610 685 758 765 aquatilia
771 689 1095 769 comprehenduntur,
1119 690 1184 752 siue
1197 690 1261 753 sint

113 808 152 852 ces
172 792 303 874 paopcie'
324 792 414 890 dicti,
439 793 504 854 sive
527 795 656 869 reptiles
678 795 811 876 aquatici
832 798 883 857 ael
904 796 1066 876 amphibii.
1089 797 1184 861 Aliud
1209 815 1267 863 uo-

113 889 221 985 ιῆἹΫ,
234 914 260 961 a'
274 899 369 961 simili
382 899 481 964 verbo
502 889 577 986 qi?
591 903 600 984 l
616 903 730 965 volavit
745 902 753 981 )
778 921 840 965 non
854 911 975 967 tantum
988 909 1076 981 aves,
1092 907 1146 969 sed
1162 918 1265 986 quae·

115 1011 430 1094 designat-volatilla.
451 998 485 1077 ln
507 1015 568 1078 hoc
593 1015 663 1079 loce
687 1016 890 1095 intelligenda
910 1018 1081 1091 videntur,
1106 1012 1170 1080 non
1188 1025 1262 1086 tan·

139 1136 237 1198 evea,
260 1122 315 1186 aed
337 1121 474 1185 volantia
494 1139 621 1205 quoque
642 1122 776 1203 reptilia,
798 1129 831 1184 et
851 1122 985 1186 fortasse
1005 1123 1124 1186 insecta
1145 1126 1262 1188 aelan-

112 1246 176 1293 ncu
197 1230 345 1293 minimae
367 1230 470 1293 molis.
494 1229 621 1310 Septem
644 1232 695 1293 uel
715 1238 789 1294 octo
811 1229 932 1311 species
954 1247 1130 1308 exgenere
1149 1239 1257 1312 ptero-

112 1337 171 1419 tyli
196 1337 309 1420 (erant
330 1337 360 1399 hi
383 1338 506 1417 reptilia
530 1336 697 1420 velantia)
718 1338 857 1419 antiquis
879 1339 910 1400 in
940 1338 1048 1402 stratis
1078 1337 1255 1402 leesitlteris

130 1453 206 1510 aunt
227 1448 378 1509 detectae.
949 1446 953 1453 '

112 1555 189 1619 llvl.
222 1555 254 1616 lu
276 1555 356 1617 maci
376 1557 544 1622 animalem
567 1558 662 1620 uitam
685 1557 874 1638 incoepisse,
899 1576 939 1620 ea
960 1557 1179 1621 observatione
1202 1559 1265 1622 de·

112 1662 173 1725 itui·
195 1663 206 1743 l
222 1661 355 1742 §livill
372 1662 393 1742 l.
411 1660 444 1725 ld
458 1663 618 1744 Scriptura
638 1663 827 1726 confirmare
849 1664 987 1741 videtum.
1006 1666 1099 1744 palus¹
1112 1664 1198 1726 enini
1221 1665 1262 1727 de

112 1764 238 1833 atilihua
261 1769 424 1850 loquitur,
448 1779 478 1832 et
499 1772 539 1833 de
559 1770 776 1834 animantibus
794 1771 828 1833 in-
850 1789 930 1852 aqua
951 1772 1124 1851 productis:
1149 1774 1189 1834 de
1203 1790 1255 1835 ca·

112 1895 119 1938 t
141 1884 262 1957 pastea.
276 1879 318 1939 At
331 1893 487 1957 quaenam
510 1878 593 1939 inter
611 1876 769 1958 laquatilia·
781 1880 1021 1958 praecesserint,
1036 1878 1197 1959 Scriptura
1214 1886 1260 1942 ta·

130 1984 295 2066 zoophyta
316 1986 384 2048 aliis
406 1985 601 2049 animalibus¹
616 1986 824 2066 praecessisse
845 2003 889 2047 ex·
918 1985 1063 2063 analogia
1090 1987 1258 2066 probabile

111 2091 197 2156 ilua:
222 2092 253 2154 id
287 2101 390 2155 tamen
411 2093 552 2155 nondum
574 2091 752 2156 observatio
772 2092 993 2170 confirmavit,
1016 2095 1160 2171 quamvis
1197 2095 1260 2154 iam
1296 2125 1300 2132 ·

115 2184 343 2262 nmlltbeatuc
374 2216 410 2261 eu
432 2200 514 2261 intel·
536 2199 637 2278 prima
661 2199 767 2261 luisse.
790 2196 943 2269 Videntur
959 2198 1135 2276 antiquum
1172 2214 1260 2261 mace

112 2294 206 2369 itam
225 2322 287 2387 pec
303 2307 430 2387 aliquod
454 2317 579 2387 tempus
599 2305 877 2386 selum-zoophyta
894 2307 1259 2385 etquacdamtcstacee·

111 2406 263 2496 ··speeies‘‚
277 2433 314 2476 ac
336 2414 465 2477 tuilebiti
488 2415 543 2495 qui
565 2422 651 2493 tunc,
665 2420 701 2475 ut
719 2413 854 2492 videtur,
880 2413 1141 2491 perfectissimam
1165 2418 1258 2492 regni

111 2519 195 2585 utils·
208 2519 359 2584 lentitiam
381 2521 629 2598 constituebant,
653 2527 686 2582 et
699 2521 847 2599 maxime,
864 2535 939 2599 prae
960 2520 1074 2582 cetenis
1093 2537 1194 2602 aquae
1209 2523 1259 2582 in·

111 2636 148 2709 t,
169 2622 396 2693 lecometienis·
414 2628 444 2690 vi
466 2646 522 2709 pec
542 2631 575 2691 id
597 2636 721 2707 tempus
743 2627 906 2706 pollebunt
919 2628 947 2688 1.
963 2627 1259 2708 Postecapparme-

111 2736 259 2801 videntur·
273 2737 401 2820 quidam
422 2737 537 2817 pisces,
561 2738 616 2816 qui
637 2751 749 2798 omnes
770 2736 902 2798 fortasse
923 2753 963 2797 eu
980 2735 1053 2798 illis-
1071 2744 1160 2799 amnt
1172 2749 1255 2817 quoa

110 2860 123 2907 c
142 2842 314 2908 Saaroides
330 2845 503 2924 appellant,
526 2843 575 2907 ob·
589 2839 829 2906 similitudinem
843 2859 939 2922 quam
959 2859 1045 2905 oum*
1057 2842 1182 2907 lacertis
1201 2851 1257 2922 ,et

132 2951 351 3016 huiuscemodi
376 2951 541 3033 reptilibus
561 2966 693 3031 puae-se
713 2949 880 3012 iacebant:
907 2957 1025 3030 postea·
1046 2951 1106 3030 ipsi
1139 2952 1255 3013 marini
1301 2936 1310 2948 ’

112 3060 195 3136 iles,
219 3060 370 3123 scariotei
392 3059 557 3140 appellati,
583 3067 620 3121 at
634 3059 789 3140 quaedam
811 3058 1038 3139 micaoscopica
1058 3057 1254 3139 conchylia,

110 3183 246 3248 eaquae
268 3167 371 3231 da-lcis
391 3167 514 3230 incolae
537 3167 853 3231 tuissecredunmc:
880 3173 955 3245 post
988 3165 1047 3226 hes
1068 3164 1250 3226 volatilium

110 3293 149 3338 aa
162 3275 277 3338 indicia
299 3275 486 3355 ceperimus,
510 3275 636 3353 reptilia
657 3291 772 3355 nempe
794 3274 942 3349 volantia
963 3281 996 3335 et
1016 3275 1135 3336 insecta
1150 3289 1253 3352 quae-

129 3379 155 3432 2
169 3399 250 3462 quae
270 3381 353 3443 duae
372 3380 533 3460 familiae,
558 3381 733 3445 volantium
756 3382 921 3467 reptilium
939 3381 1013 3444 dice
1039 3386 1071 3442 at
1091 3379 1253 3461 antiquio·

110 3542 112 3552 ,
136 3490 341 3566 insectorum,
370 3489 578 3569 probabiliter
599 3490 702 3568 prima
720 3487 862 3552 volatilia
880 3488 980 3552 lucae.
997 3489 1160 3551 aeclinant
1174 3505 1273 3569 que··

120 3598 160 3661 ad
180 3597 262 3661 hanc
283 3598 450 3677 periodum
477 3597 622 3660 nonnulli
643 3600 746 3676 pisces
772 3599 826 3678 qui
849 3613 964 3678 aquam
986 3597 1115 3660 dulcem
1135 3598 1252 3659 viden-

109 3706 322 3769 inllallitasse:
357 3706 516 3785 pectinent
537 3714 570 3767 et
589 3705 719 3786 quidam
740 3704 889 3770 &oriam
911 3724 974 3770 non
996 3708 1129 3770 omnino
1154 3721 1250 3784 aqua·

120 3810 133 3890 ,'
152 3811 436 3893 aco-pienabilltec
454 3789 638 3893 amphpbii‚
663 3814 900 3892 testudinesque
922 3794 989 3874 tum
1012 3813 1154 3874 marinae
1179 3821 1250 3872 tum

112 3921 208 3985 utiles·
225 3931 286 3987 ete.
307 3923 398 3985 Cinea
419 3920 514 3982 finem
540 3939 617 3984 vere
641 3921 735 3987 huius
768 3923 891 4001 periodi
922 3922 1033 3984 minus
1057 3937 1145 3984 nacae
1174 3927 1252 3985 sunl

109 4110 182 4165 :aaut
198 4109 232 4190 a(
242 4070 288 4169 'titt
304 4108 380 4169 «att
397 4122 443 4168 cut
460 4108 553 4185 luittt
576 4109 615 4172 ut
631 4111 718 4186 lactet
740 4111 824 4185 Dono
844 4110 873 4166 in
891 4090 971 4179 opaca
992 4108 1111 4178 Goeleon
1129 4111 1161 4177 es
1173 4108 1250 4164 llam

139 4249 146 4264 .
182 4213 201 4264 0

109 4224 135 4366 i?
147 4213 181 4379 q}
195 4284 304 4380 magum
324 4288 470 4364 teatinae.
554 4333 594 4401 0
