2970 5002
135 408 213 475 tatio
224 406 318 473 buius
329 423 439 494 uersus
452 412 512 470 est:
532 404 598 470 «in
611 399 769 488 principio
781 403 897 468 crearit
911 402 995 473 Deus
1006 417 1057 470 rea
1068 405 1251 487 superiores
1261 413 1296 472 et
1309 404 1354 475 tn

136 518 271 582 seriores
283 533 304 578 n
314 515 401 597 quod
415 523 464 578 est
476 514 595 593 omnis,
611 514 677 577 sive
693 513 818 595 quaein
832 513 1107 597 coelis,sirequae
1120 516 1152 578 in
1164 522 1251 579 terra
1265 525 1358 581 sunt.

136 625 200 690 Nec
213 642 289 690 vero
300 625 381 688 hano
396 640 502 688 rerum
516 621 771 687 distributionem
782 621 855 706 quis
877 622 1018 702 damnet,
1030 639 1070 687 ex
1081 624 1221 705 eoquod
1236 625 1355 688 mundi·

137 749 211 814 pars
223 732 352 796 minima
367 740 449 794 terra
464 736 524 794 est.
539 728 619 792 Nam
634 710 698 793 non
713 728 810 793 modo
823 728 901 790 baec
920 736 990 793 arat
1012 727 1091 794 llosi
1106 729 1350 811 peropportuna

138 840 332 920 distributio,
347 856 421 903 cum
434 854 499 902 non
521 838 629 901 minua
642 836 683 899 de
707 844 802 915 terra,
817 835 881 899 imo
896 836 999 900 multo
1026 839 1128 915 magis
1141 835 1184 898 do
1197 853 1236 899 ea
1257 852 1357 918 quam*

138 947 179 1010 de
191 948 283 1012 coeio
297 947 433 1010 etastris
446 944 533 1026 ioqui
553 944 657 1022 vellet,
678 944 735 1008 sed
760 944 826 1007 iere
849 944 1036 1022 necessaium
1052 960 1137 1020 nam,
1154 951 1191 1007 ut
1204 944 1353 1008 animad-

138 1065 262 1119 vertere
286 1055 481 1118 Christianus
502 1052 668 1117 Woiiius¹
690 1060 724 1115 et
745 1048 1000 1128 liazaoccbius³‚
1025 1068 1099 1117 cum
1120 1060 1245 1116 careret
1271 1054 1354 1118 snti-

137 1166 232 1245 quior
249 1164 464 1228 Hebraeorum
485 1162 591 1242 lingue
617 1160 871 1245 vocabuloquod
896 1159 1053 1225 mundum
1076 1159 1285 1242 signiticaret,
1310 1162 1352 1231 ad

136 1272 219 1334 banc
238 1258 448 1353 periphrasim
458 1270 708 1348 confugiendum
729 1251 807 1350 erat,
821 1285 886 1350 qua
899 1277 933 1332 et
944 1269 1042 1333 modo
1056 1267 1197 1332 Ecclesia
1214 1269 1250 1332 in
1263 1285 1351 1352 sym-

138 1380 222 1444 bolis
238 1381 348 1443 utitur.
366 1380 528 1443 Praeterea
544 1380 622 1473 liaeo
634 1379 817 1442 distributio
831 1377 920 1441 valde
932 1377 1024 1441 obvia
1037 1386 1099 1458 est,
1115 1390 1148 1445 et
1173 1379 1349 1457 terrigena·

140 1504 211 1552 rum
227 1495 356 1550 naturae
379 1486 640 1551 conformisrduo
653 1487 738 1550 enim
752 1494 828 1551 sunt
840 1503 922 1568 quae
935 1502 1048 1551 sensus
1072 1496 1199 1550 nostros
1220 1487 1344 1568 percel-

142 1596 224 1676 luut,
238 1595 357 1660 coelum
366 1596 451 1678 quod
465 1597 556 1660 nobis
571 1595 725 1676 imminet,
739 1603 771 1658 et
785 1602 874 1658 terro
887 1611 984 1676 quam
1005 1593 1173 1658 incolimus
1203 1602 1237 1658 et
1262 1595 1349 1660 nobit

145 1705 280 1768 substat:
297 1705 524 1786 unusquisque,
538 1711 649 1768 natura
660 1705 752 1784 duce,
768 1703 930 1773 distribuit
941 1719 1075 1784 corpora
1085 1705 1119 1765 in
1134 1707 1303 1785 superiora
1316 1718 1347 1766 ac

140 1819 275 1892 remota,
287 1829 369 1896 quae
384 1822 508 1877 tentum
527 1814 597 1878 risu
608 1812 763 1892 attingere
775 1828 946 1893 possumus
960 1820 992 1875 et
1004 1811 1036 1874 in
1051 1810 1199 1875 inferiora
1210 1830 1251 1874 ac
1275 1828 1345 1893 prof

140 1920 274 1983 ximiora
288 1937 370 2001 quae
383 1920 452 1985 aliis
465 1938 593 2003 quoque
618 1921 766 1985 sensibus
779 1922 886 2003 pervia
911 1927 996 1985 sunt.
1018 1919 1205 1983 Aristotcles
1220 1923 1237 1969 ³
1253 1937 1344 1984 mun-

140 2028 218 2090 dum
232 2028 413 2092 considerat
424 2031 523 2094 veluti
537 2032 568 2094 in
583 2031 663 2093 dues
687 2038 794 2112 partes
818 2030 1043 2109 distributum,
1058 2028 1179 2092 scilicet
1200 2030 1235 2092 in
1262 2046 1347 2093 mun·

138 2134 216 2199 dum
229 2135 446 2218 sublunarem,
461 2144 493 2201 et
505 2139 712 2219 superiorem.
735 2137 914 2207 Alexander
926 2138 976 2200 do
988 2136 1163 2201 llumboidt
1179 2135 1195 2183 4
1219 2136 1345 2215 iatotur,

137 2243 302 2308 scientiam
316 2253 494 2310 creatarum
513 2263 619 2311 rerum
641 2247 747 2328 quoad
766 2246 922 2323 homines,
939 2246 1018 2311 duas
1038 2253 1143 2327 partes
1158 2246 1279 2310 habere
1298 2247 1343 2310 di·

136 2348 278 2427 stinctae,
292 2369 406 2434 nempe
419 2353 566 2417 tellurem
580 2363 721 2418 nostram
735 2361 766 2417 et
779 2354 879 2434 spatia
891 2353 1050 2432 coelestia,
1075 2368 1272 2433 omnemque
1286 2353 1342 2416 ba·

136 2474 263 2522 manem
275 2458 315 2521 de
326 2467 436 2524 natura
449 2462 701 2543 conceptionem,
717 2461 948 2525 recentissimas
961 2478 1024 2525 non
1034 2460 1249 2539 excludendo,
1264 2479 1340 2525 sem·

136 2583 196 2646 per
208 2565 334 2631 eoelum
348 2575 459 2631 eterra
473 2569 572 2633 veluti
583 2569 662 2633 dues
673 2571 829 2648 regiones,
842 2569 1040 2648 superiorem
1056 2577 1087 2631 et
1099 2567 1343 2651 inferiorempe·

134 2689 276 2754 parasse.
291 2675 536 2740 concludemus:
547 2676 598 2740 his
609 2677 712 2742 verbis
726 2675 859 2759 (coelum
873 2685 905 2742 et
918 2676 1051 2760 terram)
1062 2694 1191 2741 omnem
1203 2678 1346 2744 substan·

137 2782 224 2861 tiam,
246 2783 359 2848 saltem
373 2786 568 2850 materialem
583 2834 591 2867 ,
604 2787 768 2852 contineri.

213 2897 456 2980 Animadverte,
479 2918 533 2965 eos
547 2902 601 2983 qui
615 2911 727 2983 putent
740 2889 823 2967 ΝἹ]
837 2903 888 2970 hic
913 2921 976 2970 non
997 2921 1067 2969 esse
1088 2921 1198 2969 oreore
1219 2922 1264 2970 ex
1284 2921 1342 2970 non

134 3003 373 3083 existente,·sed
388 3007 538 3090 formare,
553 3012 730 3076 necessario
748 3013 853 3076 dicere
877 3014 911 3077 in
936 3014 1094 3096 principio
1109 3012 1211 3078 ileum
1236 3009 1341 3078 omnia

130 3111 293 3179 formasse.
307 3114 447 3180 lamvero
461 3119 489 3181 si
501 3118 534 3182 io
544 3119 703 3200 principio
713 3122 859 3186 absolute
872 3123 904 3186 id
925 3123 1102 3204 praestitit,
1126 3121 1205 3204 quid
1226 3129 1337 3203 postes

38 3294 46 3313 ι
129 3219 220 3283 ieciti
233 3222 309 3304 quid
322 3241 371 3287 ex.
385 3223 434 3304 gn
446 3227 558 3308 quinto
569 3226 618 3290 vei
630 3238 720 3293 sexto
735 3231 796 3306 die,
812 3230 865 3313 qui
878 3237 963 3295 certe
973 3220 1046 3310 post
1057 3230 1253 3310 principium
1270 3230 1340 3294 luo

127 3325 181 3387 re?
194 3327 339 3391 dioentne
352 3330 430 3395 illud
444 3334 478 3395 in
486 3335 644 3417 principio
659 3344 762 3400 totum
772 3350 827 3400 sex
838 3326 961 3400 dierum
976 3339 1112 3417 spatium
1128 3339 1339 3418 comprehen-

129 3431 220 3492 dere‘i
234 3431 275 3494 At
286 3434 348 3496 boc
360 3440 486 3502 nonnisi
507 3441 645 3506 absurde
665 3443 817 3526 dicerent,
832 3444 944 3508 saitem
966 3452 1136 3525 postquam
1161 3444 1346 3524 probatum,

129 3545 188 3614 est,
206 3537 238 3599 in
250 3539 312 3601 iilis
328 3541 440 3606 diebus
452 3545 618 3612 diuturnas
633 3550 780 3630 periodos
794 3559 826 3613 et
838 3553 1037 3617 saeculorum
1050 3552 1166 3614 seriem
1182 3550 1298 3613 latere.

168 3647 283 3711 Putant
297 3653 453 3727 nonnulli,
465 3663 496 3718 et
511 3655 542 3718 in
556 3658 605 3721 bis
615 3658 760 3724 Petarius
775 3656 800 3738 ⁸,
815 3660 868 3725 ills
879 3662 984 3724 verbs:
995 3663 1032 3723 ln
1042 3659 1202 3742 principio
1213 3642 1348 3732 creceii⁴

127 3757 210 3821 Deus
223 3757 342 3824 coelum
356 3767 388 3826 et
402 3769 533 3842 terram,
550 3783 614 3830 noo
629 3764 787 3849 peculiare
808 3785 889 3850 opus
905 3768 1034 3849 aliquod
1048 3768 1225 3850 continere,
1249 3767 1339 3851 quoti

160 3949 177 3996 1
197 3948 288 4003 Theoi.
306 3962 366 4008 not.
385 3969 414 4024 p.
434 3961 460 4012 1.
479 3973 503 4013 c.
523 3962 548 4013 l.
567 3961 587 4028 ὅ
603 3963 647 4017 68.

158 4041 291 4111 aspicit.
309 4047 384 4103 utet.
404 4061 424 4106 t.
444 4058 470 4108 1.
489 4070 516 4125 p.
536 4057 579 4112 id.

159 4137 367 4209 Sutteorolop.
388 4149 410 4198 1.

158 4235 176 4283 t
197 4237 313 4290 cosmos.

157 4324 220 4376 itt..
243 4333 267 4381 1.
287 4345 311 4385 c.
331 4333 364 4388 ll.
385 4331 404 4399 5
423 4334 464 4389 1⁰.
