2970 5002
177 1605 181 1612 ·
216 1577 363 1646 cxxxii.
388 1576 485 1641 Valde
505 1584 724 1658 opportunum
747 1575 824 1639 mibi
844 1575 977 1652 videtur,
993 1573 1151 1657 idemque,
1168 1582 1324 1657 utspero,
1341 1577 1391 1640 te-

172 1686 456 1767 gentividebitur,
479 1686 507 1748 si
527 1685 677 1748 nonnulla
699 1686 759 1747 hoo
781 1684 812 1746 in
835 1684 904 1748 loco
924 1701 1005 1764 quae
1025 1684 1223 1764 Angelorum
1249 1685 1387 1748 creatio·
1439 1691 1447 1705 ·

169 1811 243 1858 nam
263 1802 419 1875 spectant,
440 1794 595 1858 adiecero.
619 1792 778 1856 Exsistere
814 1792 1004 1855 substantias
1027 1793 1180 1874 quasdam
1203 1792 1387 1873 intelligen-

169 1913 228 1982 tes,
250 1903 451 1982 diversasque
474 1919 546 1965 cnm
568 1902 610 1964 ab
632 1901 812 1966 bominibus
834 1900 1064 1982 hominumque
1088 1902 1265 1979 animabus,
1283 1909 1384 1968 tuma

164 2011 277 2075 ceteris
288 2010 492 2075 sensibilibus
503 2011 612 2092 rebus,
624 2029 704 2093 quos
715 2011 876 2090 Scriptura
887 2018 919 2074 et
932 2010 1072 2074 Ecclesia
1083 2010 1222 2090 Angelos
1236 2008 1381 2091 Sancus,

164 2121 214 2182 vel
236 2121 361 2201 iniquos
373 2120 502 2200 spiritus
517 2128 640 2198 vocant;
653 2120 810 2201 simulque
825 2120 1006 2184 huiusmodi
1028 2121 1219 2183 substantias
1234 2128 1382 2183 aeternas

165 2242 232 2291 non
252 2243 331 2308 esse,
354 2228 414 2290 boc
433 2245 541 2291 sacrae
555 2227 688 2308 litterae,
702 2228 861 2292 Ecclesiae
882 2230 990 2292 Patres
1011 2225 1270 2309 atquelloctorcs
1292 2243 1383 2307 prae·

165 2343 304 2413 sumunt,
327 2335 460 2413 docent,
477 2337 646 2400 inculcant.
662 2337 837 2402 Audiamus
850 2355 876 2402 s.
893 2336 1044 2400 Thomanr
1064 2340 1090 2398 1:
1107 2334 1262 2398 obicitur
1285 2336 1377 2399 Pron.

158 2463 176 2503 «
202 2442 267 2506 Vlll
286 2460 326 2507 es
346 2460 482 2523 persona
501 2444 678 2525 Sapientiae
690 2444 744 2526 (ab
765 2444 909 2526 aeterno)
922 2444 1055 2524 genitae:
1072 2443 1221 2507 Dominus
1240 2443 1381 2525 possedit

157 2569 175 2610 «
197 2565 246 2612 mc
267 2549 306 2610 ab
326 2549 420 2618 inille
438 2543 563 2616 nicrum
584 2569 724 2633 suorum,
740 2560 906 2635 antequam
929 2551 1098 2638 quidquam
1119 2551 1241 2638 faceret
1260 2552 1377 2632 aprin-

161 2681 178 2716 «
203 2659 284 2739 cipio
302 2659 333 2718 ²:
353 2661 409 2723 sed
429 2662 541 2739 Angeli
565 2670 640 2725 suot
661 2663 732 2725 tacti
754 2678 772 2722 a
793 2661 868 2724 Deo:
893 2677 969 2739 ergo
982 2659 1095 2738 Angcli
1115 2659 1285 2741 aliquando
1309 2675 1374 2723 non
1430 2695 1434 2704 ›

156 2788 174 2828 «
198 2767 335 2831 suerunt.
357 2768 450 2833 Solus
471 2769 566 2850 Deus,
589 2771 680 2838 Pater
701 2779 732 2831 et
756 2770 855 2832 Filius
876 2778 908 2832 et
928 2768 1065 2850 Spiritus
1087 2767 1234 2846 Sanctus,
1257 2774 1304 2829 est
1327 2767 1368 2831 ab

160 2897 175 2935 a
196 2884 344 2942 aeternos
358 2876 424 2940 lloc
443 2880 528 2961 enim
550 2879 641 2941 Fides
676 2880 838 2944 catholica
858 2879 1074 2943 indubitanter
1095 2885 1201 2956 tenet,
1223 2881 1255 2937 et
1277 2888 1373 2949 omne

162 3005 177 3044 s
199 2990 392 3053 eontrarium
414 2999 463 3055 est
483 2992 565 3055 sicut
579 2990 772 3055 haereticum
786 2989 998 3071 refutandum.
1015 2988 1066 3052 Sic
1080 2989 1165 3052 enim
1180 2988 1263 3052 licus
1285 3005 1373 3051 crea·

158 3114 176 3157 «
202 3102 288 3159 tures
309 3098 472 3179 produxit,
487 3099 573 3180 qnod
596 3115 649 3162 eas
671 3115 711 3160 ex
732 3097 831 3164 nihilo
844 3098 926 3176 lecit,
945 3100 964 3160 i.
982 3115 1010 3160 e.
1028 3105 1198 3179 postquam
1212 3096 1288 3159 nibil
1304 3095 1372 3157 ine·

156 3226 171 3263 s
193 3214 297 3269 rant.»
311 3207 426 3270 Paulus
438 3207 610 3288 Apostolus
623 3206 756 3289 (Coloss.
769 3206 793 3289 l,
816 3206 880 3289 16.)
896 3206 988 3270 docet
1001 3207 1120 3288 quod«
1137 3206 1169 3268 iu
1184 3205 1256 3286 lpso
1272 3203 1365 3285 (Filio

153 3332 171 3372 n
187 3311 253 3392 Dei)
269 3313 393 3376 condita
408 3320 482 3377 sunt
496 3314 639 3378 universa
653 3315 685 3378 in
699 3314 797 3377 coelis
818 3322 850 3379 et
865 3313 897 3377 in
911 3322 1006 3396 terra,
1017 3312 1150 3376 visibilia
1162 3319 1195 3375 et
1207 3311 1374 3375 invisibilia

149 3440 168 3484 «
182 3422 247 3483 sive
258 3422 776 3502 Tbroni,siveDominationes,sire
788 3424 1062 3506 principatussive
1074 3421 1374 3488 Potestates.0mnia

148 3547 167 3588 n
181 3545 237 3607 per
253 3528 359 3608 {psum
380 3538 412 3594 et
434 3532 467 3594 in
486 3530 559 3612 ipso
573 3538 773 3595 creatasunt:
787 3531 902 3613 etipse
922 3538 972 3594 est
991 3536 1064 3595 ante
1077 3548 1199 3606 omnes,
1212 3537 1244 3592 et
1258 3529 1365 3592 omnia

148 3637 296 3718 «inipso
317 3646 463 3706 constant
483 3659 513 3703 n.
534 3641 569 3704 ln
584 3639 712 3707 Cantico
736 3642 831 3706 trium
852 3659 1027 3723 puerorum
1038 3640 1121 3704 inter
1137 3639 1193 3702 bei
1204 3647 1367 3701 creaturus

141 3745 238 3826 primi
257 3747 372 3826 Angeli
393 3755 619 3815 recensentur:
645 3749 847 3816 «Benedicte
867 3753 974 3817 omnis
994 3770 1091 3836 opera
1112 3746 1238 3818 Domini
1255 3744 1364 3806 Donni-

175 3915 191 3964 1
209 3918 240 3967 Ρ.
260 3917 287 3967 1.
306 3931 335 3983 q.
353 3917 432 3973 inl.
450 3930 491 3973 ar.
510 3917 538 3972 in
550 3930 626 3989 corp.
639 3919 710 3976 etad
724 3923 751 3976 1.
771 3921 833 3977 vid.
846 3923 942 3979 suarez
959 3925 998 3978 De
1018 3925 1129 3995 Aspelir
1146 3931 1178 4006 L.
1192 3931 1254 3985 Ac.
1272 3933 1302 3998 2,
1320 3934 1367 3990 ubi

136 4011 170 4062 de
191 4010 243 4078 fide
259 4026 318 4076 asse
330 4012 398 4068 dicit
415 4015 484 4068 hanc
502 4017 723 4087 propositionem:
734 4018 851 4088 Angelos
860 4018 894 4074 de
910 4021 981 4077 lacto
997 4036 1050 4077 non
1068 4037 1127 4079 esse
1145 4016 1364 4097 aeternosapar·

138 4112 250 4169 leonte,
265 4121 312 4162 seu
330 4123 383 4164 non
401 4110 486 4166 luisse
502 4126 533 4167 ex
550 4113 707 4168 nemrnitata
725 4123 828 4170 creatos
846 4131 874 4170 n.
893 4117 920 4169 t.

170 4202 188 4252 2
209 4205 314 4258 similia
333 4215 397 4261 sunt
414 4208 494 4262 verbe
511 4208 630 4264 eiusdem
649 4212 797 4280 Sapientiae
824 4215 908 4273 dccli.
929 4216 1021 4275 xxiv:
1041 4219 1100 4286 Epo
1117 4234 1153 4274 ec
1171 4233 1213 4272 ore
1230 4221 1365 4277 ditissimi

126 4297 243 4367 prodici
258 4303 445 4370 primopenitu
462 4313 526 4363 onte
544 4321 650 4364 omnem
667 4316 832 4369 creaturam.
