2970 5002
166 1665 276 1732 xxxi.
302 1665 397 1731 Dimit
409 1667 502 1728 Deus:
519 1666 576 1744 fiat
589 1665 660 1738 ino,
676 1671 705 1726 et
719 1663 807 1746 {ecla
821 1669 869 1726 est
885 1662 956 1724 lune.
976 1661 1016 1741 (v,
1034 1661 1078 1742 3.)
1094 1662 1149 1726 Hie
1160 1665 1261 1744 ptimo
1274 1668 1339 1730 He·

120 1776 291 1838 bimorum
302 1771 473 1851 legislator,
487 1778 618 1833 naturae
631 1769 856 1848 legislatorem
884 1768 1065 1848 loquentem
1079 1779 1111 1831 et
1125 1771 1337 1850 imperantem

116 1880 254 1945 inducit.
268 1878 433 1943 Veravoee
447 1877 547 1942 Deum
561 1895 653 1942 usum
668 1878 790 1958 putavit
802 1876 985 1960 Theodorus
997 1875 1237 1955 llopsuestenus
1251 1881 1338 1959 opud

118 1988 334 2068 Philopouum
354 1985 438 2068 iqui
457 1987 518 2051 hoe
535 1985 657 2049 deridet
670 1992 703 2048 et
717 1984 893 2048 absurdum
909 1983 1038 2047 iudicat.
1055 1984 1266 2049 Nihilominus
1278 1987 1337 2049 Be·

120 2094 214 2158 silius
224 2095 434 2160 Seleueiensis
448 2094 613 2158 Theodoro
625 2092 850 2173 adstipulatur,
866 2109 924 2153 nee
935 2108 998 2153 non
1010 2092 1226 2156 Theodoretus
1243 2097 1261 2146 2
1284 2099 1339 2176 qui

112 2204 186 2265 idn
198 2201 264 2266 Deo
276 2203 394 2265 ioelum
406 2202 517 2264 usserit
526 2203 559 2264 in
569 2201 708 2280 oratiam
715 2198 903 2278 dunelmum
913 2207 943 2260 et
951 2200 1108 2260 virtulum
1118 2201 1339 2282 invisibilium,

114 2320 157 2374 nl
172 2311 300 2386 seirent,
310 2309 377 2388 ipso
390 2308 525 2386 iubente,
540 2325 577 2370 eo
591 2323 670 2387 quoe
683 2323 744 2369 non
756 2290 830 2368 snut
844 2305 1032 2368 subsistere.
1049 2305 1107 2378 Qui
1120 2309 1250 2385 angelos
1265 2328 1338 2373 cor-

112 2425 254 2500 poratos
276 2415 441 2497 putabunt,
455 2414 536 2495 quoe
553 2414 727 2478 multotum
741 2422 884 2476 veterum
897 2413 1005 2493 opinio
1018 2412 1089 2489 luit,
1107 2433 1171 2479 non
1185 2418 1265 2480 adeo
1279 2419 1335 2480 ab·

115 2524 222 2589 surde
242 2514 381 2602 eogitene
395 2528 540 2604 poterant
553 2568 561 2601 ,
576 2520 706 2585 illerum
724 2537 836 2583 mussa
861 2519 972 2582 mundi
988 2520 1136 2600 opificem
1148 2540 1223 2586 voee
1240 2543 1333 2588 usuin

115 2650 205 2695 esse.
218 2631 300 2695 Dum
313 2639 419 2694 eutem
434 2647 489 2694 eos
500 2624 635 2694 ‘omnino
663 2627 822 2709 spiritales
849 2626 983 2690 fecimus
999 2679 1005 2704 ,
1021 2647 1286 2708 supervacaneam
1298 2635 1331 2696 iu

123 2739 332 2816 designandis
345 2740 495 2819 operibus
510 2754 658 2802 sonorem
676 2737 764 2800 illam
787 2754 897 2801 vocem
921 2755 990 2799 esse
1013 2738 1231 2816 intelligimus.
1249 2741 1332 2814 Quo·

120 2853 206 2914 einen
221 2850 399 2913 eommunis
414 2849 473 2910 iste
488 2847 582 2909 etiam
598 2852 739 2909 veterum
754 2861 865 2908 seusus
880 2853 975 2908 estet
990 2847 1092 2909 multo
1107 2849 1206 2924 magis
1223 2868 1334 2912 necen-

115 2957 374 3030 iiorummullam
387 2962 459 3017 tum
469 2972 487 3015 e
499 2954 564 3016 Deo
577 2969 686 3015 vocem
698 2952 815 3014 editum
828 2949 935 3027 fuisse,
950 2952 1007 3014 sed
1019 2953 1151 3031 figurate
1164 2956 1204 3016 itu
1217 2959 1335 3018 sei-ibe·

115 3082 153 3126 re
168 3063 435 3143 dementissime
446 3069 638 3142 propiorem
660 3060 715 3141 qui
725 3060 874 3124 docentur
897 3059 1011 3122 utilius
1021 3079 1087 3123 esse
1100 3081 1256 3124 censemus
1267 3082 1337 3142 spe·

112 3172 228 3234 ciotim
240 3170 377 3251 fiourme
399 3178 611 3250 praeceptum,
625 3169 668 3229 nit
681 3169 721 3231 ll.
732 3167 866 3230 BesilIus
882 3167 910 3226 3.
927 3166 1141 3230 Tlieodonetns
1165 3170 1231 3246 ipse
1248 3171 1266 3220 t
1290 3171 1334 3231 lo·

114 3277 279 3341 cntionem
292 3278 348 3340 Dei
359 3279 403 3338 uit
416 3295 484 3338 esse
498 3279 564 3338 eius
577 3280 781 3344 voluntatem.
797 3277 1179 3346 Audiendus'Ambmsius
1196 3279 1215 3330 tl
1230 3298 1248 3339 n
1260 3280 1332 3341 Ple·

111 3408 135 3450 «
160 3401 201 3448 na
214 3403 275 3451 vox
286 3368 427 3461 luminis,
441 3401 503 3448 non
516 3386 929 3470 dispositionisapparatum
955 3389 1120 3467 significet,
1145 3389 1200 3450 sed
1223 3406 1333 3467 ‹imna-

111 3517 134 3556 «
158 3496 253 3557 tionis
266 3495 581 3575 resplendetelieetu.
598 3493 732 3560 Netume
745 3502 850 3578 opifex
863 3503 966 3564 lucem
981 3500 1104 3561 locutus
1116 3508 1165 3560 est
1189 3506 1221 3559 et
1245 3515 1333 3560 eree·

114 3623 133 3664 n
158 3586 213 3663 uit.
229 3603 338 3663 Sermo
349 3603 403 3664 Dei
417 3604 560 3665 voluntas
573 3612 633 3680 est,
648 3622 728 3682 opus
742 3606 797 3668 Dei
813 3617 921 3670 nalum
938 3618 997 3668 est.
1015 3625 1034 3666 »

163 3708 415 3787 Quaestionem,
431 3728 486 3770 cun
500 3710 583 3772 Deus
598 3728 705 3772 vocem
719 3713 837 3776 nullam
851 3715 1022 3794 protulisse
1035 3711 1247 3789 olomundum
1262 3725 1332 3770 cue-

146 3904 165 3953 1
179 3905 253 3954 loon.
268 3901 370 3968 Philup.
384 3905 414 3954 L.
425 3905 447 3953 l.
460 3904 496 3954 De
509 3902 575 3969 opii.
589 3919 611 3956 o.
626 3903 669 3956 m.

145 4000 289 4061 ssomest.
301 4001 347 4054 llt.
360 3998 388 4050 iu
399 4001 463 4052 Gen.

144 4101 164 4149 3
178 4100 253 4148 ortt.
265 4097 300 4148 ll.

140 4197 163 4247 li
182 4194 326 4246 Loeeit.'

136 4298 161 4349 ὅ
180 4296 348 4349 flexnimt.
364 4296 385 4345 l.
398 4308 421 4344 e.
435 4295 462 4347 9,
