2970 5002
212 312 252 372 tu

218 465 277 529 per
296 450 344 508 est
366 450 472 509 tamen
494 442 672 504 necessario
694 437 832 503 mobilis.
849 440 926 501 bata
939 438 1034 516 igitur
1048 438 1102 501 tali
1122 445 1268 501 creatura
1291 444 1433 520 aeterna,

219 554 358 620 absurda
372 551 468 615 series
481 549 603 613 infinita
620 548 850 626 cogitationum
865 554 920 611 aut
934 547 1064 611 alterius
1079 554 1185 612 motus
1200 546 1376 628 spiritalis,
1389 550 1436 612 vel

219 671 293 729 actu
307 663 435 726 daretur
450 659 499 722 vel
514 657 691 722 necessario
702 665 787 720 esset
801 656 974 738 possibilis.

231 818 236 823 -
260 775 330 839 Non
342 778 390 836 est
401 779 507 835 autem
516 767 737 850 mirandum‚si
747 758 939 830 creationem
952 782 1058 828 rerum
1072 783 1111 828 ex
1123 765 1221 829 nihilo
1235 782 1295 830 seu
1308 784 1351 830 ex
1364 786 1438 832 non·

217 883 441 960 existentibus,
456 881 540 943 haud
554 879 630 941 satis
642 876 858 954 intelligimus.
878 875 936 947 Qui
949 881 996 962 tot
1008 891 1178 954 corporeos
1193 874 1344 954 effectus,
1364 896 1436 941 sen-

220 994 309 1056 sibus
323 991 445 1066 obvios,
458 988 609 1052 nonsatis
629 987 848 1064 intelligimus;
861 986 939 1067 quid
953 984 1081 1060 mirum,
1098 983 1262 1064 siaperire
1283 1002 1354 1048 nort
1369 1005 1441 1068 pos·

217 1102 321 1166 simus
335 1099 392 1161 ubi
403 1097 499 1161 clavis
514 1113 667 1159 sensuum
681 1113 746 1159 non
760 1097 859 1159 adest·
853 1095 950 1176 ,quid
962 1093 1091 1172 mirum,
1104 1093 1131 1154 sl
1143 1109 1241 1173 opera
1257 1093 1444 1160 incommu-

219 1207 365 1301 mirabilis
378 1205 537 1286 potentiae
551 1204 608 1266 Dei
622 1203 698 1266 satis
710 1203 978 1284 comprehendere
996 1218 1062 1264 uon
1075 1201 1259 1263 valeamus?
1271 1202 1363 1266 luter
1379 1223 1441 1286 my·

190 1330 192 1334 ·
221 1312 353 1378 sterium
369 1320 475 1374 tamen
489 1319 521 1374 et
531 1311 717 1384 absurdum
731 1311 826 1374 dubia
844 1309 956 1371 electio
978 1325 1047 1371 esse
1061 1309 1172 1389 nequit
1186 1309 1316 1374 homiui
1341 1328 1483 1376 nona

224 1422 337 1497 menti,
354 1421 539 1501 praesertim
561 1435 636 1482 cum
655 1420 880 1500 mysteriorum
902 1417 1008 1480 omnia
1029 1419 1125 1496 plena
1140 1424 1338 1498 spectemus.
1355 1420 1442 1482 Atta-

223 1546 299 1591 men
314 1529 407 1591 obvio
428 1530 575 1608 exemplo
590 1545 653 1607 res,
667 1528 699 1590 ni
720 1527 824 1605 fallor,
846 1525 956 1607 paullo
978 1526 1208 1609 intelligibilius
1228 1529 1354 1594 evadit.
1373 1529 1445 1593 Dum

226 1652 287 1700 nos
302 1637 393 1698 alteri
408 1636 550 1715 cuipiam,
570 1636 734 1715 loquentes
749 1636 985 1715 perceptionem
1000 1636 1132 1698 alicuius
1159 1635 1248 1698 ideae
1263 1644 1323 1725 aut
1336 1638 1441 1717 cogni-

226 1747 348 1809 tionem
362 1745 498 1825 aliquam
513 1752 568 1808 aut
580 1745 739 1825 allectum,
755 1747 809 1825 qui
823 1753 913 1807 autea
927 1746 957 1809 in
970 1763 1008 1810 eo
1024 1762 1087 1809 non
1102 1752 1169 1807 erat
1186 1745 1194 1826 i
1209 1746 1229 1806 i.
1246 1763 1278 1808 e.
1292 1755 1388 1809 autea
1403 1749 1442 1810 ni-

224 1855 270 1917 bil
286 1856 376 1936 eret)
392 1859 424 1918 in
437 1856 504 1919 eius
515 1853 623 1916 animo
637 1846 837 1932 generamus,
850 1860 927 1916 tunc
941 1856 1103 1934 perceptio
1118 1861 1225 1917 nostra
1239 1861 1298 1917 aut
1310 1856 1444 1935 cognitio

228 1971 284 2027 aut
298 1965 422 2026 allectio
435 1979 499 2026 nou
514 1963 647 2025 discedit
661 1980 701 2024 ex
713 1962 815 2024 nobis:
824 1962 947 2025 affectio
960 1963 1045 2040 item,
1059 1961 1196 2040 cognitio
1206 1970 1264 2025 aut
1275 1964 1370 2026 ideae
1381 1981 1445 2044 per·

225 2075 334 2152 ceptio
355 2074 388 2135 in
410 2072 498 2135 illius
519 2071 624 2134 auimo
649 2089 706 2151 per
727 2078 834 2133 nostra
857 2073 953 2134 verba
973 2072 1336 2151 producta,·quamvisa
1360 2075 1443 2138 nobit

226 2180 382 2258 producta
398 2179 438 2242 sit
449 2180 563 2260 etplus
577 2176 721 2243 minusue
733 2181 774 2241 sit
787 2184 912 2242 nostrae
926 2178 1048 2255 similis,
1064 2184 1173 2249 nostra
1188 2185 1298 2244 tamen
1313 2198 1379 2246 nou
1392 2190 1444 2259 est,

225 2305 286 2349 nee
298 2294 345 2350 est
359 2289 474 2351 modus
485 2289 586 2350 nostri
596 2288 735 2368 spiritus,
748 2287 845 2351 immo
858 2303 917 2349 neo
929 2302 1057 2350 omnem
1069 2303 1144 2349 cum
1159 2288 1358 2366 cognitione,
1368 2291 1441 2367 idea,

214 2390 393 2458 ''affectione
407 2404 516 2460 nostra
524 2397 764 2459 similitudinem
780 2397 886 2473 habet;
903 2413 976 2459 nam
989 2407 1084 2476 saepe
1098 2395 1204 2459 minus
1219 2399 1320 2478 olera,
1333 2401 1443 2463 miuus·

227 2518 265 2562 ve
276 2503 449 2582 adaequata
463 2504 523 2563 erit
545 2502 626 2582 idea,
639 2504 744 2566 minus
759 2505 852 2584 plena
872 2504 1023 2582 cognitio,
1040 2510 1072 2565 et
1087 2503 1263 2584 aliquando.
1273 2508 1443 2581 remissior,

228 2610 400 2690 aliquando
422 2611 638 2672 vehementior
658 2611 792 2675 affectio.
818 2612 901 2674 llaec
922 2614 1018 2690 igitur
1035 2614 1261 2692 producuntur
1282 2633 1302 2676 a
1326 2631 1442 2693 caussa,

211 2723 215 2732 '
230 2733 311 2795 quae
325 2725 389 2780 tam
403 2719 443 2780 ab
457 2718 532 2797 ipsis
547 2717 710 2780 effectibus
731 2718 880 2783 distincta
901 2727 960 2796 est,
974 2737 1072 2800 quam
1086 2721 1189 2784 undae
1204 2725 1319 2785 aereae
1333 2724 1442 2804 quibus

231 2825 445 2887 mediantibus
460 2826 519 2889 hos
540 2827 668 2890 effectus
686 2827 859 2909 produxit(
875 2830 1024 2891 dixissem
1039 2830 1104 2892 fere
1118 2831 1265 2913 creauit)
1295 2831 1444 2913 loquentis

231 2936 392 3003 voluntas.
407 2939 471 3002 Nisi
484 2941 568 3019 quod
585 2940 662 3001 haee
676 2958 719 3002 em
732 2938 831 3002 aibilu
845 2941 954 3020 utique
974 2943 1026 3004 sui
1043 2941 1196 3021 producta
1209 2951 1297 3022 sunt,
1313 2962 1387 3008 nam
1399 2961 1446 3006 an·

234 3053 362 3128 tequam
388 3043 558 3110 existerent
578 3048 655 3110 nibil
676 3053 777 3128 crant,
798 3048 854 3111 sed
881 3065 944 3111 non
965 3066 1004 3110 cx
1028 3049 1129 3113 nihilo
1148 3051 1300 3116 subiecta}
1385 3031 1388 3034 ⁴

274 3157 450 3221 Nonnullis
464 3156 680 3219 difficultatem
702 3145 784 3236 parit
804 3163 1028 3235 argumentum
1049 3158 1121 3221 hoo:
1139 3158 1223 3222 Deus
1241 3163 1334 3241 quod
1357 3161 1445 3244 potuit

238 3268 378 3344 quodam
402 3274 557 3347 temporo,
580 3284 705 3347 semper
726 3269 830 3348 potuit
851 3276 882 3330 et
903 3270 943 3330 ab
967 3274 1096 3330 aeterno
1118 3269 1233 3347 potuit:
1250 3287 1332 3349 ergo
1349 3273 1388 3334 ab
1400 3288 1443 3333 ac·

238 3382 332 3436 terno
355 3393 460 3436 creare
482 3376 608 3454 potuit;
633 3377 729 3455 igitur
748 3379 888 3441 mundus
910 3383 1057 3440 aeternus
1078 3394 1148 3439 esse
1170 3379 1287 3457 potuit.
1326 3381 1382 3445 llis
1400 3395 1445 3457 ego

234 3481 429 3558 respondere
451 3483 550 3557 soleo,
575 3489 611 3545 ut
631 3484 712 3547 bene
735 3486 899 3547 advertant
919 3484 995 3564 quid
1011 3484 1201 3562 intelligant,
1217 3503 1322 3565 quum
1340 3490 1444 3551 dicunt:

239 3591 324 3650 Deua
346 3607 456 3652 oreore
477 3591 516 3652 ub
537 3600 664 3655 aeterno
681 3595 796 3674 potuit.
812 3594 891 3658 Nam
913 3611 1007 3673 saepe
1029 3596 1193 3671 negotium
1203 3593 1341 3684 'faciunt
1364 3598 1446 3659 verba

238 3700 304 3758 non
319 3697 400 3759 bone
412 3698 581 3776 intellecta,
601 3703 728 3781 quibus,
745 3695 839 3764 etiam
855 3703 931 3764 dum
944 3702 981 3762 iis
995 3701 1117 3763 utimur
1130 3703 1170 3763 ad
1186 3703 1446 3777 ratiocinandum,

233 3808 382 3868 notiones
404 3810 520 3869 mentis
536 3811 685 3871 nonsatis
707 3811 811 3871 clarae
830 3825 889 3871 nec
911 3809 1115 3889 adaequatae,
1137 3809 1200 3872 imo
1215 3812 1387 3896 confusae,
1410 3829 1450 3875 re·

238 3905 409 3990 spondent.
431 3916 463 3977 Si
485 3917 564 3979 illud
586 3935 695 3979 creare
719 3917 758 3978 ab
781 3924 909 3978 aeterno
930 3916 1085 3994 significet
1098 3935 1207 3979 oreore
1221 3919 1256 3980 in
1270 3923 1452 3986 aeternitate

239 4026 317 4082 tuno
337 4037 401 4083 non
416 4025 512 4086 modo
533 4024 684 4098 concedo,
701 4022 800 4083 Deum
816 4022 876 4083 hoo
889 4039 994 4101 posse3
1009 4027 1087 4104 quin
1109 4027 1173 4086 imo
1194 4042 1293 4108 nego,
1309 4029 1397 4096 Eum
1412 4027 1454 4091 ali·

193 4130 199 4142 ’
241 4135 289 4188 tar
310 4146 405 4208 posse
424 4147 531 4192 creare
557 4131 616 4192 nisi
632 4133 664 4193 in
679 4149 736 4192 sua
751 4132 945 4207 aeternitate,
962 4134 1232 4212 quemadmodum
1248 4135 1356 4201 homo
1370 4152 1454 4219 opera

243 4250 299 4294 sue
321 4235 422 4298 iacere
444 4240 554 4318 nequit
575 4237 634 4298 nisi
649 4237 845 4314 intempore:
863 4239 1030 4300 aeternitas
1045 4238 1128 4300 enim
1142 4238 1331 4318 dici-potest
1349 4244 1382 4307 id
1398 4256 1455 4307 esst

227 4339 305 4410 ,Duo
321 4345 406 4420 quod
432 4352 557 4422 tempus
578 4350 626 4405 est
642 4343 743 4405 uobis.
759 4341 991 4421 consequenter
1005 4345 1087 4423 dico,
1106 4345 1204 4408 ileum
1224 4363 1357 4416 creasse
1374 4356 1406 4417 in
1419 4367 1457 4414 ac·
