2970 5002
226 290 270 365 78

272 433 427 497 Tenebras
449 428 658 493 substantivas
675 442 752 490 esse
774 434 806 493 et
828 443 847 489 a
875 429 939 491 ben
960 429 1059 491 faetus
1079 428 1154 495 olim
1175 426 1329 493 nonnulli
1356 435 1441 508 puta·

137 569 139 575 *
232 550 307 605 runt
329 558 466 622 qnorum
488 538 672 619 simplicitas
691 539 788 602 modo
810 540 955 614 ridetur,
979 555 1045 601 non
1067 537 1259 600 enrriutatur.
1284 541 1331 602 At
1355 537 1442 605 Mani

232 653 404 713 abacorum
426 649 528 735 multo
548 647 745 709 stolidiorem
765 656 798 712 et
815 666 891 710 vero
912 647 1044 726 impium
1067 643 1207 708 errorem
1229 649 1312 710 sutis
1335 666 1440 729 super·

231 776 294 838 que
317 747 518 826 enniutarunt
538 756 682 835 Basilius,
705 756 903 831 Ambrosius,
928 755 1129 832 Augustinus·
1138 761 1171 815 et
1183 755 1272 817 Titus
1296 755 1444 824 Bostren-

232 863 289 924 sis.
311 863 468 924 Tenebras
489 864 573 925 enim
594 861 705 924 eadem
727 877 800 922 num
821 859 886 920 bao
907 860 1093 935 aeternitate
1106 860 1358 940 petitas,ipsius
1373 881 1445 942 qun·

229 989 293 1052 que
318 972 372 1034 Dei
392 970 605 1048 adversarias,
629 976 789 1051 tamquam
814 967 1008 1046 principium
1027 983 1134 1030 rernm
1158 967 1299 1031 aiterum
1330 978 1444 1033 veteres

228 1081 276 1140 iiii
298 1078 468 1142 Manichaei
499 1077 689 1140 statuebant.
707 1075 794 1140 Haee
815 1075 855 1137 de
878 1073 1026 1137 tenebris:
1051 1074 1155 1154 aliqua
1169 1075 1405 1150 difficultasest
1418 1079 1444 1140 in

231 1187 387 1268 sequenti.

268 1295 408 1373 Spiritus
423 1294 477 1355 Dei
490 1281 655 1372 ferebatur
669 1309 763 1371 super
777 1308 888 1370 aquas.
903 1291 948 1353 Ita
958 1290 1122 1369 vulgatus.
1132 1289 1270 1361 Quaeres
1289 1294 1336 1354 1.·
1353 1310 1442 1372 quae·

232 1386 305 1463 nam
325 1402 402 1462 haee
422 1403 520 1482 nque?
539 1403 582 1461 2.·
605 1401 733 1480 quinam
756 1402 805 1462 hin
826 1402 965 1480 Spiritus
988 1402 1056 1476 Dei,
1080 1407 1112 1460 et
1132 1397 1441 1480 quomodu'ferebn'·

234 1519 392 1590 tursuper
413 1511 529 1590 aquus?
552 1510 684 1590 Aquam,
700 1511 743 1570 ait
756 1510 965 1588 Augustinus,
978 1509 1029 1570 bie
1044 1509 1127 1571 idem
1147 1525 1218 1570 esse
1240 1525 1277 1573 as
1300 1513 1442 1593 abyssum

230 1627 262 1680 et
284 1620 451 1681 materiam
468 1619 706 1680 iiinminvisam
719 1625 748 1681 et
764 1617 939 1697 informem
962 1627 994 1679 et
1015 1619 1101 1682 dieta
1124 1626 1170 1681 est
1188 1639 1294 1700 aqua,
1324 1623 1440 1704 inquit,

231 1732 305 1808 quin
315 1729 422 1806 fucitis
434 1736 464 1790 et
478 1726 607 1789 ductilis
620 1726 797 1790 subiacebit
812 1728 1061 1808 spernentesne
1076 1727 1135 1790 itta
1148 1731 1252 1791 omniu
1272 1728 1439 1810 formarer·

232 1849 285 1901 tur
304 1841 330 1900 1.
346 1837 452 1900 Credit
465 1855 492 1898 s.
507 1837 641 1899 Thomas
654 1835 672 1885 2
690 1838 769 1916 quad
780 1838 878 1898 Moses
890 1845 1022 1917 propter
1047 1836 1302 1900 invisibilitatem
1316 1841 1398 1902 utris
1416 1847 1437 1902 et

231 1948 383 2010 similium
401 1963 574 2026 corporum,
596 1947 700 2006 omniu
711 1945 886 2007 huiusmodi
900 1964 1031 2025 corpora
1044 1947 1102 2008 suh
1116 1965 1215 2027 aquae
1228 1951 1356 2013 nomine
1367 1969 1437 2012 corn-

230 2054 468 2135 prehendat.hit
480 2054 623 2118 Patavius
641 2053 776 2135 tabysst
789 2054 944 2116 vocabulo
955 2072 1072 2134 aquam
1084 2055 1267 2133 significari.
1278 2076 1298 2119 n
1309 2059 1435 2139 Abyssus

231 2184 251 2226 (ι
272 2172 304 2226 et
326 2181 408 2245 aqua
428 2183 490 2228 una
512 2173 587 2227 sunt
606 2172 639 2226 et
659 2164 771 2225 eadem
788 2181 842 2224 ‚res
929 2161 1043 2242 Abyssi
1064 2164 1193 2225 nomine
1215 2167 1435 2246 aquamintei·

230 2292 249 2334 «
269 2273 337 2353 ligi,
369 2289 431 2334 uua
451 2281 500 2334 esi
519 2273 662 2335 omnium
684 2272 891 2351 interpretum
912 2272 1030 2350 opinio.
1047 2289 1066 2330 n
1085 2272 1181 2363 Apud
1204 2291 1233 2334 s.
1246 2273 1385 2355 Ephrem
1397 2276 1434 2336 le-

230 2383 325 2458 gitur:
348 2401 367 2443 u
391 2380 549 2443 Tenebrae
571 2381 751 2460 operientes
774 2381 926 2459 abyssum
946 2396 1112 2459 aquarum.
1134 2397 1152 2439 n
1176 2381 1216 2443 Et
1236 2383 1433 2447 Rabbi‘Salu·

228 2493 336 2552 muni
364 2491 481 2568 pariter
501 2492 665 2568 superiora
685 2488 779 2548 verba
801 2488 1048 2568 interpretando:
1081 2492 1266 2562 «tenebrae
1295 2503 1433 2555 eranisn·

228 2616 247 2658 ι(
269 2614 325 2675 per
349 2595 460 2658 faeiem
484 2613 639 2676 aquarum
659 2614 741 2676 quae
765 2603 965 2675 erantsuper
988 2602 1116 2658 terram.
1146 2599 1359 2678 »Gregorius
1373 2602 1432 2664 Nis-

232 2706 361 2764 senusb
383 2702 463 2764 hane
483 2707 615 2781 primam
630 2719 743 2782 aquam
759 2710 850 2782 putat
871 2703 1027 2766 diversam
1040 2720 1059 2764 a
1072 2707 1235 2767 cummuni
1259 2723 1343 2789 aqna
1368 2724 1434 2788 qnae

234 2810 386 2873 deorsum
406 2811 486 2873 fluit.
509 2812 541 2874 S.
566 2812 706 2891 Ephrem
723 2813 869 2892 (inquam
890 2813 1015 2891 proprie
1036 2813 1154 2874 dietam
1174 2813 1278 2892 primo
1301 2817 1358 2879 ille
1371 2826 1434 2878 tem·

236 2933 314 2994 pore
346 2936 410 2980 non
439 2921 580 2981 extitisse
606 2936 740 3000 eamque
762 2939 779 2982 a
803 2921 867 2983 Deo
891 2937 956 2981 nun
984 2938 1047 2982 una
1068 2937 1140 2983 eum
1160 2921 1253 2984 coeio
1277 2932 1310 2985 et
1336 2931 1431 3001 terra,

174 3071 181 3085 .
234 3026 290 3087 sed
313 3035 424 3107 postea
449 3036 587 3090 creatam
609 3004 799 3091 existimavit
816 3029 843 3090 ⁷.
860 3029 961 3091 Multo
986 3031 1098 3108 magis,
1120 3037 1156 3092 ut
1171 3039 1268 3110 putu,
1293 3031 1432 3113 Ephrem,

237 3137 401 3212 Nissenns,
423 3138 631 3216 Augustinus,
655 3140 771 3220 aliique
791 3140 899 3201 Patres
924 3156 1040 3218 aqnam
1055 3139 1142 3200 iliam
1157 3148 1175 3201 a
1189 3144 1435 3222 communiaque

231 3247 359 3331 differre
380 3254 555 3327 putassent,
572 3254 604 3308 et
616 3247 699 3309 hane
713 3250 746 3311 in
755 3230 914 3329 prineipio
934 3254 1072 3310 creatam
1083 3255 1261 3326 negassent,
1277 3250 1307 3312 si
1318 3242 1436 3314 illorum

236 3356 462 3433 temporassem
485 3371 549 3416 non
572 3355 654 3418 inter
675 3357 846 3433 elementa,
869 3356 977 3419 sedin
996 3356 1104 3417 mixtis
1128 3358 1348 3436 reponendam
1376 3373 1434 3419 essa

237 3460 349 3524 fuisset
368 3470 581 3544 perspectum.
597 3463 654 3526 iila
668 3465 709 3527 ad
721 3467 861 3546 speeiem
885 3465 1015 3530 confuse
1036 3465 1270 3529 mnieeularum
1282 3465 1437 3544 congeries

264 3619 281 3669 1
300 3617 341 3672 Da
360 3617 427 3672 Gen.
449 3617 527 3672 sont.
545 3621 624 3676 Man.
642 3623 674 3673 L.
689 3627 713 3677 1.
726 3624 755 3676 C.
775 3625 803 3677 b.

264 3714 283 3766 2
299 3717 371 3768 1.·1³.
383 3732 410 3784 q.
429 3718 544 3773 LXVIH.
558 3719 597 3773 ai.
610 3717 637 3772 3.
647 3719 680 3773 nd
693 3721 722 3773 3.

254 3811 282 3874 ,3
299 3811 339 3863 Da
356 3813 424 3880 opis.
437 3818 468 3868 L.
482 3816 505 3867 1.
515 3816 545 3868 G.
557 3815 585 3869 3.
597 3814 617 3882 ss
627 3816 650 3869 1.
661 3815 688 3870 ii.
700 3817 730 3871 (i.
742 3813 770 3884 i,
780 3814 798 3882 δ
809 3818 833 3870 1.

263 3909 370 3978 ihpnd
388 3914 501 3980 Fuginm
517 3913 607 3969 inire.
627 3914 669 3970 h.·

260 4005 280 4058 b
297 4007 334 4058 In
350 4010 483 4066 Henetus.
502 4026 533 4080 p.
553 4013 596 4066 18.

265 4104 335 4158 bin
356 4105 423 4163 Gen.
442 4124 466 4164 s.
485 4110 508 4161 1.

263 4206 282 4256 7
297 4203 582 4276 manumissam
600 4211 680 4266 hessi
698 4225 794 4280 aquam
812 4215 919 4274 nonnisi
937 4184 1055 4273 secunda
1074 4217 1118 4270 dis
1130 4217 1228 4298 instaur
1245 4214 1382 4273 eradebat.
1401 4219 1441 4271 ite

231 4302 313 4354 atim·
333 4316 360 4370 p.
382 4304 428 4359 ih
