2970 5002
1293 270 1330 332 el

122 424 204 475 nens
218 409 251 475 in
259 407 418 491 principio
438 406 591 491 Verbum(
606 423 670 472 uon
692 422 764 471 curn
778 422 817 471 eo
828 404 991 472 materiam
1006 405 1030 488 l,
1056 421 1114 488 par
1126 405 1214 488 quod
1224 413 1333 485 omniu,

121 519 211 597 facto
232 525 331 597 suut,
354 517 522 598 (adeoque
541 524 574 579 et
594 517 724 579 materia
755 517 838 580 coeli
871 523 904 578 ct
925 522 1026 580 terrac
1041 514 1064 596 J,
1086 523 1119 578 et
1138 516 1273 607 addens:
1298 525 1329 579 et

120 625 194 687 sinc
215 624 283 704 ipso
302 622 422 710 factum
441 630 488 687 cat
509 621 590 687 nibil
610 621 672 702 (vel
686 619 864 703 factumest
877 639 973 702 aequa
991 639 1098 685 unum.
1114 620 1199 686 loan.
1214 621 1238 698 1,
1255 622 1330 704 1-3).

120 732 215 813 Ergo
228 750 286 797 nec
311 731 454 798 informis
474 734 617 813 materis,
637 740 694 795 aut
717 741 807 796 terra
828 731 984 795 inaniret
1006 746 1124 806 vocuo,
1146 740 1201 796 aut
1220 750 1329 813 apuu,

124 851 181 905 aut
195 843 337 924 abyssus.

159 950 224 1014 llos
244 958 352 1014 secuta
373 949 535 1014 Catholica
555 947 698 1013 Ecclesia
718 963 845 1029 semper
867 947 1011 1029 professa
1032 956 1092 1027 est,
1106 949 1214 1015 llosen
1230 948 1333 1012 deve-
1408 1034 1412 1042 Ι
1468 1005 1483 1032 ,

119 1077 157 1121 ra
170 1067 202 1122 at
223 1075 287 1124 uou
307 1066 436 1122 aeterna
456 1057 616 1119 creatione
635 1056 778 1122 locatum
802 1074 883 1133 asse,
906 1073 1095 1138 semperque
1115 1058 1271 1121 mundum
1291 1056 1332 1120 si·

119 1180 164 1229 ne
181 1165 328 1230 creatore
341 1169 397 1226 aut
411 1163 479 1226 siue
498 1161 589 1225 initio
600 1163 717 1226 reiecit.
734 1161 895 1228 Ecclesiae
904 1162 980 1250 Pil„
990 1165 1080 1227 initio
1097 1163 1193 1227 ducto
1206 1164 1247 1226 ab
1258 1163 1337 1229 aar,

122 1287 180 1336 ma
202 1278 383 1352 temporum
407 1268 654 1350 apostolicorum
686 1270 840 1351 scriptore
861 1269 1003 1350 (Pastor
1016 1271 1050 1334 L.
1071 1269 1095 1334 1.
1110 1269 1218 1334 viat.
1236 1272 1334 1352 lcon-

125 1385 252 1443 stantcr
264 1385 297 1440 at
317 1377 507 1442 unanimiter
530 1381 725 1443 creationem
736 1395 776 1442 ax
796 1381 1095 1444 non-existentaseu
1108 1395 1148 1441 ex
1168 1379 1267 1445 nihilo
1280 1380 1334 1444 do-

119 1483 387 1549 oanaconcitium
408 1486 592 1552 Luteciam
609 1485 775 1550 laudatum
794 1486 838 1549 ita
859 1484 1037 1568 profitetur.
1065 1507 1080 1546 a
1100 1486 1247 1552 Firmiter
1267 1505 1336 1550 cre·

120 1614 142 1659 a
163 1593 289 1677 dimus,
310 1598 397 1677 quod
417 1614 501 1672 unus
522 1597 610 1662 solus
631 1603 680 1660 est
710 1612 805 1660 verus
825 1596 989 1660 licus...
1008 1596 1162 1660 .Crcatar
1191 1601 1335 1661 omnium

129 1727 147 1764 a
169 1705 340 1770 visibilium
360 1712 393 1770 ct
412 1706 640 1783 invisibilium,
667 1704 879 1789 spiritualium
900 1712 933 1768 ct
955 1706 1182 1786 corporalium,
1203 1707 1258 1786 qui
1279 1723 1337 1770 sua

120 1834 142 1877 «
165 1815 376 1907 omnipotenti
396 1817 512 1881 virtute
533 1815 627 1881 simul
648 1816 690 1879 ab
711 1815 803 1880 initio
824 1817 977 1896 temporis
998 1822 1166 1895 utramque¹
1180 1815 1219 1878 de
1234 1816 1333 1880 nihilo

124 1923 311 1987 u-condidit
331 1929 529 2001 creaturam,
551 1923 748 2004 spiritualem
767 1929 800 1986 et
822 1923 1094 2003 corporolematc.
1110 1939 1129 1983 a
1152 1921 1211 1988 Ubi
1224 1923 1337 1987 Conci-

125 2028 206 2092 lium
223 2030 352 2094 reiicara
366 2031 501 2095 intendit
513 2048 577 2095 nou
591 2030 920 2120 modocreaturarum
932 2031 1161 2111 aeternitatem,
1173 2032 1228 2093 sed
1240 2029 1335 2092 etiam

120 2133 186 2215 (ut
206 2137 299 2200 docet
319 2155 346 2200 s.
371 2137 507 2201 'lbomas
527 2137 559 2200 in
580 2151 692 2217 opusc.
717 2153 814 2216 super
837 2136 919 2200 banc
941 2136 1122 2217 Decretal.)
1144 2152 1284 2201 errorem
1296 2139 1337 2201 t)-

122 2245 243 2322 rigenis
270 2265 285 2303 a
312 2245 460 2325 ponentis
482 2243 569 2326 quod
592 2244 675 2306 Deus
697 2260 714 2305 a
736 2244 893 2325 principio
914 2245 1031 2308 creavit
1052 2244 1136 2308 solas
1157 2244 1342 2324 spirituales

122 2372 143 2413 u
167 2359 326 2414 creaturas
338 2359 370 2414 et
384 2358 506 2432 postca,
520 2349 711 2431 quibusdam
730 2366 841 2414 earum
856 2351 1074 2431 peccantibus,
1097 2351 1213 2413 creavit
1226 2367 1350 2431 corpo-.

120 2479 142 2522 u
164 2475 198 2520 ra
218 2458 347 2540 quibus,
368 2461 460 2541 quasi
481 2457 671 2539 quibusdam
694 2458 839 2536 vinculis,
862 2459 1041 2540 spirituales
1060 2459 1254 2522 substantiae
1268 2459 1338 2522 alli-

119 2585 142 2628 «
162 2572 378 2646 guentanae
398 2568 425 2631 sl
445 2568 627 2648 corporales
648 2574 810 2631 creaturae
831 2583 894 2649 non
907 2566 1027 2632 luerint
1044 2584 1083 2630 cx
1098 2566 1264 2648 principali
1280 2567 1335 2629 Dei

121 2694 141 2735 a
165 2674 338 2738 intentione
359 2675 533 2755 productae
554 2676 629 2757 quis
649 2675 770 2740 bonum
792 2684 860 2741 arat
880 2693 934 2742 eas
957 2692 1053 2756 csse,
1075 2675 1131 2737 sed
1169 2675 1275 2738 solum
1294 2675 1335 2737 ad

119 2800 141 2843 (ι
162 2781 371 2862 puniendum.
385 2804 414 2846 a.
1322 2786 1326 2795 ¹

164 2889 412 2955 concludamus:
429 2889 500 2953 idea
523 2908 580 2956 seu
604 2890 685 2956 ratio
707 2883 887 2972 creationis,
909 2891 996 2955 iaxta
1016 2899 1154 2955 mentam
1176 2891 1335 2965 Ecclesiae

125 3002 160 3060 et
181 2997 238 3060 PP.
264 2998 296 3060 iu
318 3015 357 3064 eo
378 2999 437 3061 sita
458 3008 520 3077 cst,
544 2999 642 3064 utsii
663 3001 708 3063 rai
733 3000 901 3081 productio
922 3016 963 3062 cx
986 3000 1086 3064 nihilo
1106 3000 1171 3064 siae
1184 3018 1231 3073 ,cx
1253 3018 1334 3066 uon·

124 3105 347 3186 existentibus
369 3109 455 3189 quod
476 3117 550 3171 ante
571 3109 729 3172 creaturas
745 3109 777 3170 in
799 3116 942 3190 tempora
962 3108 1228 3171 exsistentcs'noo
1242 3108 1328 3172 aliud

119 3213 216 3298 fucrit
237 3214 297 3277 nisi
320 3213 426 3291 Deus,
449 3215 481 3277 in
503 3214 570 3280 Deo
588 3224 696 3279 autem
718 3215 1032 3278 ideaunircrsorum.
1048 3214 1128 3277 Hinc
1155 3230 1263 3277 aarum
1285 3224 1333 3278 cst

119 3322 207 3416 qaod
230 3323 324 3388 docet
344 3341 370 3388 s.
392 3323 573 3389 Ansalmus:
590 3322 616 3387 ¹:
633 3321 711 3392 aba
727 3323 905 3405 quaefacta
927 3333 1002 3389 sunt
1022 3341 1062 3389 ar
1083 3324 1194 3405 nihilo,
1209 3328 1329 3390 nonni-

122 3449 144 3490 «
167 3430 213 3493 bil
233 3438 323 3494 erant
344 3438 514 3512 autequam
536 3432 672 3509 tierent,
694 3442 849 3514 quantum
870 3433 911 3496 ad
935 3435 1090 3497 rationem
1112 3434 1265 3498 laciensis.
1290 3435 1330 3500 Ε-

114 3555 142 3598 v«
163 3541 287 3620 renim,
308 3540 431 3622 iuquit,
456 3537 562 3603 videre
585 3540 663 3603 mibi
682 3540 791 3605 videor
811 3541 963 3623 quiddam
983 3542 1070 3622 quod
1086 3559 1153 3607 nou
1172 3543 1330 3622 negligen-

120 3664 142 3708 ε(
165 3653 213 3725 ter
233 3646 413 3711 discernere
432 3651 542 3729 copia,
566 3650 742 3714 secundum
762 3650 839 3730 quid
861 3667 898 3712 ce
918 3667 1000 3730 quac
1021 3650 1104 3714 lacta
1124 3660 1217 3728 sunt,
1239 3661 1331 3712 ante-

124 3772 142 3810 a
164 3769 260 3833 quam
286 3754 398 3820 flarent
414 3799 424 3830 ,
443 3758 503 3820 dici
525 3757 650 3839 possint
672 3743 770 3820 fuisse
791 3757 881 3820 nihil.
903 3757 997 3822 Nullo
1021 3773 1157 3838 namque
1171 3756 1333 3836 protolic-

117 3878 140 3921 α
164 3861 191 3952 ri
213 3870 318 3941 potest
340 3863 459 3944 aliquid
480 3866 707 3938 rationabiliter
728 3866 921 3946 abaliquo,
948 3865 1008 3927 nisi
1026 3864 1057 3925 in
1078 3863 1219 3925 facientis
1232 3851 1333 3925 ratio-

114 3987 139 4030 «
162 3987 202 4032 nc
223 3972 392 4052 praecedat
406 3973 524 4055 aliquid
538 3977 582 4040 rei
604 3976 764 4039 faciendae
779 3974 870 4057 quasi
882 3974 1065 4054 exemplum
1086 3973 1162 4050 sive,
1180 3974 1214 4036 ul
1226 3974 1331 4053 aptius

114 4098 137 4142 α
160 4079 299 4160 dicitur,
323 4080 425 4147 torma
446 4083 494 4146 val
516 4083 694 4151 similitudo
711 4089 765 4150 aut
787 4082 908 4161 regula.
931 4081 1018 4150 Putet
1040 4082 1149 4175 itaque*
1166 4068 1331 4177 quoniam,

152 4319 171 4371 1
190 4321 221 4371 lu
240 4312 400 4380 btcuolopio.
