2970 5002
1242 304 1284 370 nt

56 437 209 511 ratonem,
222 451 343 517 nempe
366 432 483 511 Deum,
506 437 538 496 et
552 447 660 523 opera,
674 431 698 495 i.
714 448 742 494 e.
763 429 886 496 Ocelum
907 437 937 497 cl
951 436 1081 516 terram,
1095 441 1126 499 et
1141 443 1224 502 tacet
1238 441 1279 504 de

59 542 253 606 materiatae
266 561 326 625 pua
340 543 424 606 Deus
437 544 512 605 haec
528 541 611 604 lecit.
628 542 745 614 Quare?
758 536 776 603 ((
788 541 820 604 Si
834 545 967 606 materia
981 562 1046 607 nnn
1061 547 1164 610 editur
1181 549 1280 611 ubist

62 670 80 710 r
97 667 193 730 opera
206 659 237 714 et
252 629 398 736 operator
410 653 560 730 eduntur,
576 656 705 731 apparet
716 669 755 715 ex
770 650 868 714 nihilo
884 669 957 715 eum
973 663 1148 734 operatum:
1168 661 1280 737 perin-

68 779 83 815 e
99 758 139 820 de
154 759 238 820 enim
254 760 402 830 ederetur
415 779 458 823 eoo
470 777 539 841 quo,
553 760 579 822 si
592 778 631 821 ex
644 759 751 838 aliquo
763 759 875 822 fuisset
887 768 1035 840 operatus
1041 805 1101 826 .....
1116 764 1194 827 Cum
1209 767 1279 829 heic

60 885 82 950 e
98 865 106 947 (
122 867 256 948 looml.)
272 868 493 931 manifestetur
507 874 539 930 et
554 864 666 942 lactor,
683 866 705 937 i.÷
720 883 747 928 c.
763 869 858 947 Deus,
875 869 1014 950 etfama,
1029 873 1094 933 i.·e.
1114 874 1234 952 omnio,
1249 880 1281 936 et

10 971 13 1011 l
60 996 78 1045 r<
97 994 154 1056 per
169 995 263 1057 quem
278 1028 287 1059 ,
300 979 319 1040 i.
337 996 366 1040 e.
382 979 489 1040 Serme
504 977 692 1058 (Verbum),
719 994 825 1042 nonne
845 985 877 1041 et
891 980 982 1047 unde
996 981 1102 1044 omnia
1124 982 1205 1043 lacta
1226 999 1282 1044 es-

10 1086 12 1119 *
61 1104 79 1146 r
96 1090 195 1147 senta
208 1086 273 1148 Deo
287 1103 344 1166 per
359 1086 547 1165 Sermonem,
563 1087 718 1166 exegisset
731 1087 810 1150 ordo
820 1088 974 1167 profiteri,
989 1090 1017 1149 si
1029 1106 1068 1150 ex
1080 1089 1188 1168 aliquo
1200 1089 1284 1157 tacta
1337 1128 1341 1133 ·

10 1189 25 1263 J
66 1194 224 1270 «essenti,
241 1194 287 1255 lta
310 1193 396 1272 quod
421 1212 485 1258 non
510 1194 579 1270 fuit,
597 1211 660 1258 non
682 1195 787 1275 potuit
801 1195 965 1275 Scriptura
985 1196 1139 1275 profiteri,
1162 1202 1194 1258 et
1217 1212 1284 1260 non

64 1321 83 1362 ((
98 1300 303 1380 promendo,
325 1299 400 1377 satis
415 1303 634 1385 probavitnon
656 1302 766 1379 luisse,
789 1302 862 1382 quie
884 1303 1087 1383 profiteretur
1099 1304 1125 1366 si
1137 1304 1287 1366 fuisset.»

10 1442 12 1446 ·
59 1409 157 1470 Addit
172 1428 190 1471 r
204 1414 267 1473 tion
290 1416 408 1473 tentem
422 1410 519 1474 fuisse
539 1411 758 1475 necessitatem
780 1418 889 1492 aperte
903 1412 1100 1490 significandi
1126 1413 1281 1478 denihilo

59 1535 79 1577 r
96 1515 177 1577 facte
200 1519 317 1598 omnia,
339 1526 456 1600 quanta
477 1527 572 1596 esset,
597 1520 625 1583 si
645 1537 684 1582 ex
704 1517 837 1583 materia
851 1521 933 1582 facta
956 1518 1101 1583 fuissent.
1124 1521 1279 1592 Quoniam

66 1645 80 1682 o
96 1625 180 1703 quod
194 1624 229 1687 fit
243 1643 282 1688 ex
294 1625 405 1705 nihilo,
427 1645 465 1690 eo
487 1627 557 1707 ipso
573 1628 649 1689 dum
665 1644 730 1696 non
752 1625 932 1690 ostenditur
957 1643 996 1688 ex
1011 1627 1116 1706 aliquo
1136 1625 1278 1705 factum,

63 1754 79 1808 ((
96 1733 317 1798 manifestatur
330 1754 371 1797 ex
391 1736 491 1799 nihilo
504 1735 634 1814 tactum3
648 1742 680 1798 et
694 1754 758 1800 non
771 1736 967 1817 periclitatur
992 1753 1034 1798 ne
1047 1752 1086 1798 ex
1107 1736 1214 1816 aliquo
1229 1737 1281 1798 fa-

63 1851 182 1905 actum
211 1845 420 1925 existimetur,
445 1846 574 1926 quando
596 1863 661 1910 non
684 1848 921 1910 demonstratur
942 1864 981 1907 ex
1002 1863 1066 1925 quc
1087 1846 1128 1908 sit
1151 1847 1282 1908 factum.

63 1971 80 2012 ((
96 1953 183 2025 Quod
197 1961 303 2017 autem
318 1971 358 2016 ex
372 1953 477 2034 aliquo
491 1955 538 2033 lit,
553 1954 614 2025 nisi.
625 1955 685 2018 hoc
699 1956 805 2040 ipsum
819 1961 926 2034 aperte
939 1929 1165 2018 declareturex
1175 1954 1282 2034 aliquo

65 2080 83 2120 «
98 2059 320 2150 faciundum
333 2061 412 2123 illud
431 2079 471 2124 ex
493 2078 557 2143 quo
579 2061 697 2125 laetum
718 2060 760 2122 sit
783 2078 847 2123 non
869 2060 1067 2139 ostenditur,
1087 2063 1283 2141 periclitatur

63 2188 81 2229 ((
97 2169 199 2248 primo
211 2167 310 2230 rideri
331 2186 371 2229 ex
394 2168 493 2230 nihilo
515 2167 645 2244 fectum3
658 2168 773 2251 dehine
783 2166 842 2227 etsi
857 2184 893 2227 ee
911 2168 952 2226 sit
967 2167 1157 2246 conditione,
1170 2177 1283 2232 utnon

64 2296 80 2336 ((
99 2279 200 2356 possit
221 2275 320 2339 videri
342 2291 407 2337 non
429 2292 468 2337 ex
492 2274 610 2354 aliquo,
634 2274 765 2353 perinde
776 2276 1024 2355 periclitabitem
1045 2277 1108 2339 olio
1123 2278 1216 2354 longe
1231 2278 1282 2337 la-

63 2394 187 2456 retum
209 2383 321 2458 videri,
338 2399 433 2462 quam
456 2400 502 2444 en¹
516 2398 580 2462 quo
603 2380 724 2444 lactum
747 2389 807 2461 est,
830 2384 907 2446 dum
929 2400 993 2447 non
1015 2385 1284 2465 proponiturun-

64 2517 83 2555 o
99 2495 139 2555 de
160 2493 200 2554 sit
223 2493 381 2555 fectum...
402 2493 492 2555 Adeo
513 2492 566 2571 Sp.
583 2492 614 2554 S.
641 2491 722 2553 hane
743 2493 923 2573 scripturae
945 2511 1020 2556 suae
1042 2494 1196 2557 rationem
1211 2510 1287 2556 eon·

71 2624 86 2669 r<
103 2601 217 2679 stituit,
240 2607 276 2662 ut
296 2618 396 2682 quum
418 2600 495 2680 quid
519 2598 683 2679 exaliqua
705 2599 752 2675 fit,
775 2605 806 2661 et
827 2601 912 2681 quod
937 2601 972 2662 fit
994 2608 1026 2662 et
1049 2602 1134 2664 unde
1159 2602 1206 2680 tit,
1229 2618 1285 2662 re-

60 2730 84 2772 ,((
101 2709 191 2770 ferat.
216 2709 367 2784 Frulioeu
391 2709 506 2789 inquit,
523 2715 611 2770 terro
632 2708 759 2770 herbam
779 2707 876 2787 foeni,
899 2709 1103 2772 seminantem
1116 2726 1219 2772 semera
1233 2726 1286 2772 se-

67 2819 231 2888 nciendum
251 2835 358 2898 peace,
381 2825 412 2880 et
436 2818 553 2898 liparem
573 2817 807 2896 fructuosum...
831 2818 870 2881 Et
885 2836 1008 2881 rursus:
1024 2821 1066 2881 El
1088 2818 1285 2881 dimittitur:

64 2935 85 2987 ‘o
96 2928 273 3008 producunt
296 2944 396 3008 oquae
416 2927 559 3007 repentio
580 2927 757 2989 animorum
777 2929 934 2990 vivarum.
959 2928 990 2989 Si
1012 2944 1087 3005 ergo
1101 2945 1140 2989 ex
1154 2929 1218 2989 iam
1233 2925 1285 2987 le-

67 3037 160 3099 eetis
181 3037 276 3098 rebus
298 3036 375 3097 alias
396 3053 446 3097 res
467 3035 552 3098 Deus
574 3036 766 3115 proterens,
804 3035 944 3097 ostendit
964 3051 1019 3114 per
1042 3034 1232 3115 prophetam
1254 3037 1287 3095 et

68 3145 177 3219 «dicit
197 3143 279 3224 quid
295 3144 380 3206 unde
405 3144 587 3224 protulerit,
612 3145 639 3205 si
660 3150 779 3205 tantam
796 3159 904 3204 curam
926 3130 1143 3203 instructionis
1158 3145 1287 3203 nostrae
1311 3149 1312 3153 ’

66 3273 85 3314 ((
104 3241 350 3331 insumpsit-Sp.
374 3251 418 3327 S,
442 3255 477 3312 rit
499 3242 652 3313 sciremus
674 3249 750 3329 quid
772 3248 1085 3328 unde'prccesserit;
1111 3264 1217 3309 nonne
1232 3261 1287 3326 pe·

71 3361 196 3422 crinde
220 3378 279 3422 nos
301 3361 340 3422 de
361 3361 463 3437 coelo,
488 3367 520 3420 et
542 3359 581 3421 de
603 3365 686 3421 terre
709 3364 873 3439 compotes
889 3357 1087 3433 reddidisset,
1106 3355 1288 3434 significan-

32 3475 50 3506 -“
73 3492 89 3528 «
113 3470 156 3533 do
177 3472 261 3533 unde
282 3488 319 3533 ea
340 3478 424 3534 esset
447 3478 609 3552 operatus,
632 3474 658 3533 si
679 3473 718 3533 de
741 3470 846 3549 aliqua
868 3453 998 3529 materie
1020 3467 1108 3543 origo
1132 3468 1293 3529 constaret

66 3601 87 3642 ((
112 3579 258 3643 illarum?
278 3580 319 3645 Ut
341 3581 564 3660 multomagis
588 3598 627 3642 ex
648 3579 747 3641 nihilo
762 3595 798 3640 ee
820 3578 978 3641 videretur
1000 3583 1171 3657 operatus,
1188 3592 1292 3656 quan-

65 3708 87 3748 «
115 3687 158 3750 do
175 3687 254 3749 nihil
273 3688 378 3750 adhuc
399 3694 467 3750 erat
487 3688 615 3763 factum,
632 3704 671 3749 cx
693 3703 757 3767 quo
778 3692 927 3766 operatus
950 3685 1160 3746 videretur...
1185 3681 1294 3743 Adoro

68 3790 89 3858 ¹«
113 3795 296 3877 Scripturae
315 3798 560 3878 plenitudinem,
586 3813 667 3877 quae
689 3797 767 3858 mihi
786 3804 817 3858 et
838 3797 988 3857 lectorem
1003 3791 1183 3853 manifestat
1203 3797 1236 3849 et
1250 3788 1295 3848 fa-

66 3926 89 3967 «
112 3911 176 3967 ete.
199 3904 234 3967 ln
257 3904 427 3983 Evangelio
439 3907 576 3985 amplius
611 3912 643 3967 et
663 3905 844 3967 otiositatem
859 3908 953 3980 atque
973 3897 1131 3960 arbitrum
1151 3895 1298 3959 Factoris'

64 4033 86 4074 «
113 4013 240 4076 invenio
261 4014 449 4074 Sermonem.
472 4013 521 4075 An
543 4021 649 4078 autem
668 4014 710 4073 de
727 4011 836 4090 aliqua
849 4007 1039 4069 'subiacente
1059 4002 1190 4067 materie
1211 4004 1294 4064 lacta

72 4148 90 4184 c
114 4122 180 4184 sint
193 4122 311 4202 omnia,
327 4139 483 4203 nusquam
497 4123 600 4185 adhuc
623 4121 695 4198 legi.
712 4142 726 4179 o
741 4119 827 4181 'llaec
850 4125 882 4179 et
896 4116 988 4197 plura
1012 4114 1234 4177 Tertullianus.
1251 4110 1292 4171 Et

66 4249 199 4312 revera,
220 4232 353 4311 diligens
366 4241 399 4296 et
412 4231 553 4296 eruditus
574 4230 729 4312 poematis
750 4227 882 4291 alicuius
905 4230 1135 4290 commentator
1160 4222 1293 4284 adnotat

35 4405 40 4417 ,
64 4338 161 4406 unde
184 4343 278 4418 poeta
301 4344 457 4422 acceperit
483 4358 564 4422 quae
577 4341 629 4404 hic
644 4356 682 4402 ex
704 4318 861 4404 historicis
873 4337 921 4400 vel
935 4336 1037 4416 poetis
1052 4330 1121 4392 aliis
1148 4327 1298 4408 sumpsit3
