2970 5002
240 280 278 341 ld

236 412 355 492 species
369 408 478 472 reterri
493 408 620 469 debent.
644 406 833 486 Supponunt
844 403 982 486 numne,
997 424 1053 487 per
1067 407 1097 470 id
1111 413 1238 490 tempus
1263 410 1382 490 plures
1397 430 1457 478 aa·

237 523 353 583 tureles
366 518 586 592 revolutiones,
603 516 832 591 inundationes,
847 516 1034 578 elevationes
1046 517 1201 581 montium
1217 526 1248 580 et
1258 519 1320 581 alia
1333 523 1454 589 buius·

238 627 325 688 modi
338 626 498 687 eccidisse:
525 625 564 686 de
587 640 652 704 quo
674 631 829 704 tempore,
843 623 965 702 dicuat,
978 623 1113 686 Genesis.
1124 626 1167 688 nil
1179 626 1301 689 homini
1316 641 1451 711 narrat,

238 737 311 815 quia
328 744 453 815 tempus
469 734 547 796 illud
572 734 612 796 ed
626 733 788 796 hominem
809 748 872 795 non
888 733 1075 813 pertinebat.
1097 721 1292 815 Supponunt
1306 739 1450 819 tandem,

234 846 276 908 ob
288 844 456 906 maximam
467 842 637 924 quamdam
652 841 873 922 catastrophen
887 859 1016 905 omnem
1031 842 1127 904 vitam
1142 844 1174 904 in
1190 847 1284 906 terris
1300 847 1446 925 periisse,

236 959 351 1013 terram
372 952 462 1032 aquis
484 957 665 1032 coopertam
678 951 831 1013 mansisse
843 951 967 1013 inanem
985 949 1150 1029 factamet
1163 966 1314 1033 uacuam,
1332 964 1364 1016 et
1377 967 1452 1019 tcne·

225 1059 306 1123 ,bras
326 1058 424 1138 fuisse
444 1072 538 1139 super
551 1055 781 1138 saciemabyssi
794 1056 891 1138 illias,
906 1057 1039 1121 tortasse
1054 1071 1093 1119 ex
1108 1059 1214 1121 densis
1228 1063 1408 1140 vaporibus
1423 1071 1449 1126 et

231 1167 300 1226 aliis
315 1166 511 1246 corpusculis
532 1167 714 1245 productas:
732 1166 862 1228 demum
884 1167 1038 1245 incepisse
1053 1166 1105 1228 die
1130 1168 1236 1246 primo
1262 1175 1448 1237 renovatio·

235 1291 306 1337 nem
326 1273 446 1335 telluris
459 1289 542 1352 quae
550 1274 687 1335 hominis
699 1274 860 1337 creatione
874 1280 1095 1336 consummate
1110 1280 1160 1336 cst
1177 1271 1203 1335 ¹.
1408 1271 1413 1278 ’

271 1381 305 1440 ln
319 1381 377 1441 hae
392 1381 556 1458 sententie,
571 1396 653 1460 quas
665 1381 705 1442 eb
720 1378 861 1443 Ecclesia
882 1381 1046 1460 toleratur,
1068 1381 1152 1444 illud
1170 1390 1219 1444 ast
1240 1383 1447 1462 incommodi,

232 1487 317 1566 quod
332 1487 425 1546 nimis
440 1493 603 1564 separatur
622 1503 730 1548 versus
758 1487 917 1549 secundus
939 1502 958 1548 a
983 1487 1095 1568 primo.
1123 1487 1287 1551 crearit...
1320 1499 1447 1553 terrain.

210 1674 215 1681 ι
236 1595 331 1657 Terra
344 1603 413 1656 eret
428 1596 569 1657 toanis...
587 1591 744 1657 Videntui
754 1595 804 1657 hic
815 1611 865 1656 res
880 1595 938 1657 sibi
949 1596 1093 1676 proxime
1105 1594 1314 1660 succedentes
1332 1609 1365 1661 et
1393 1603 1451 1682 pri·

231 1722 281 1766 ma
295 1713 397 1765 torrae
409 1705 502 1765 iacies
518 1703 664 1778 describi,
681 1721 744 1766 non
758 1712 946 1768 venustatus
959 1706 1306 1786 ad·quem·postmulta
1322 1711 1445 1772 saecula

231 1817 262 1870 et
277 1810 430 1890 plurimas
441 1810 671 1872 vicissitudines
686 1818 768 1887 terra
784 1810 942 1872 reciderit,
952 1811 1295 1874 Duriusculnmautem
1310 1815 1391 1876 milti
1402 1821 1446 1877 est

232 1936 359 1997 ponere,
369 1919 472 1980 lucem
486 1919 583 1980 luisse
597 1927 669 1981 ante
684 1920 738 1981 Μ
752 1919 934 2006 vocem:Sit'
946 1919 1135 2000 insepelirpes
1147 1927 1179 1981 et
1191 1920 1349 1996 animalia,
1363 1931 1447 1985 eote·

228 2043 322 2106 quam
338 2027 420 2088 Deus
435 2027 567 2089 diceret:
583 2029 732 2108 permittet
750 2036 840 2091 terre
851 2028 1014 2091 borbore...
1028 2035 1169 2091 scateant
1192 2046 1292 2110 aquae
1315 2031 1443 2111 reptili-

229 2134 309 2195 bus..
323 2132 408 2194 uolet
420 2131 549 2195 uolatile
563 2150 657 2214 super
670 2142 859 2197 terraneos.
876 2135 1040 2197 Praeterea
1055 2136 1158 2198 miuus
1168 2134 1341 2198 verisimile
1360 2138 1446 2199 vidc-

230 2248 292 2317 tur,
308 2241 408 2303 Deum
424 2241 569 2304 tellurem
583 2252 720 2305 cresum
735 2295 742 2320 ‚
755 2251 789 2305 et
802 2245 845 2305 ita
858 2253 1006 2306 ornatam
1017 2245 1141 2323 vitaque
1163 2242 1288 2323 plenam
1314 2244 1440 2306 destru-

228 2350 322 2425 xisse,
335 2349 408 2411 licet
417 2349 625 2412 mediantibus
637 2351 739 2413 cauas
749 2352 906 2431 secundis,
915 2360 1083 2432 antemium
1093 2350 1254 2415 bominem
1263 2351 1386 2413 facerat
1395 2351 1446 2432 qni

230 2473 507 2533 eumeognoscere
523 2459 654 2536 eiusque
674 2475 770 2536 opera
793 2460 1001 2539 contemplari
1022 2466 1140 2539 posset
1162 2458 1226 2521 Nec
1248 2457 1394 2538 adparet,
1418 2458 1445 2518 si.

228 2566 295 2627 ‹lies
310 2569 465 2630 mosaicos
480 2564 597 2628 iaciunt
609 2565 651 2630 tl
662 2567 824 2646 horarum,
839 2585 897 2629 cur
908 2567 991 2630 beas
1004 2566 1262 2630 muudum-illum
1274 2567 1441 2647 antiquum

224 2675 277 2754 qui
292 2682 365 2737 ante
379 2675 544 2739 hominem
554 2676 676 2738 deletus
690 2683 749 2750 est,
768 2683 831 2737 tam
845 2676 993 2738 diuturna
1007 2675 1170 2739 molitione
1185 2682 1217 2735 et
1231 2673 1357 2751 legibus
1379 2691 1439 2735 aa·

228 2791 316 2841 turae
329 2783 536 2860 operantibus
551 2780 726 2862 perfeceris
744 2781 828 2844 bunc
840 2797 915 2844 vero
929 2793 1024 2861 quem
1034 2779 1126 2842 uobis
1138 2780 1306 2855 concessit,
1322 2785 1389 2842 tam
1404 2779 1445 2841 ci·

231 2897 265 2952 to
281 2897 374 2970 atque
388 2907 451 2952 uua
464 2909 520 2952 sua
535 2891 744 2969 omnipotenti
755 2889 872 2952 virtute
893 2889 1044 2951 relocavit.
1060 2887 1177 2959 Tamen
1188 2886 1301 2968 siquis
1318 2888 1382 2950 boc
1392 2902 1445 2966 sy·

226 3003 326 3057 stema
351 3000 546 3076 sequendum
571 2987 673 3079 putat,
696 2998 755 3060 boc
776 2997 837 3077 ipsi
857 2999 942 3058 lieet.
966 2997 1039 3075 lpse
1056 2994 1215 3059 Victorius
1236 2995 1281 3057 De
1303 2994 1438 3068 Bonan,

227 3122 418 3186 quamquam
431 3093 571 3184 geologis
586 3105 767 3168 theoreticis
773 3104 871 3168 nimis
885 3104 1022 3168 fortasse·
1031 3103 1185 3178 iniectus,
1193 3103 1310 3166 fatetur
1325 3111 1446 3173 temen,

230 3224 355 3292 tempus
370 3215 451 3274 inter
474 3210 1444 3294 principiumetdientprimumelloseuundcteuniueri,ad·
1484 3300 1485 3303 Ἴ

228 3338 330 3400 eoque
354 3322 400 3384 ias
415 3339 495 3403 csse,
511 3324 538 3384 si
552 3325 683 3401 placeat,
701 3323 927 3401 eosnoologicas
941 3321 1171 3384 vicissitudines
1185 3323 1343 3401 quantum
1366 3319 1444 3382 velis
1484 3310 1485 3315 ’

257 3547 271 3596 1
291 3549 329 3599 tte
348 3546 431 3600 sentit
448 3549 610 3616 praesertim-
623 3554 670 3602 ns
684 3546 823 3603 Buckleud
843 3545 1001 3602 oxoniensis
1018 3545 1160 3616 protessus.
1182 3542 1344 3611 nobilisque
1357 3547 1447 3612 geete

224 3657 284 3710 gns,
304 3652 330 3697 et
347 3659 409 3697 eunt
424 3661 458 3700 eo
471 3649 521 3698 its
533 3647 673 3701 ubalmas
689 3660 737 3701 nee
756 3645 963 3699 noacatbolieas
975 3645 1110 3713 protessus
1122 3642 1275 3708 parisiensis
1288 3640 1447 3694 besdoatts.

223 3742 297 3796 Addo
308 3749 338 3797 L.
351 3745 382 3796 F.
400 3745 480 3798 leben
497 3748 530 3798 in
540 3715 764 3799 Mueoutraitt
774 3743 819 3796 der
830 3747 949 3796 sotem
957 3741 1182 3808 academicam..
1197 3737 1266 3806 1840
1278 3737 1446 3791 -Grulreud

226 3837 327 3892 Pbilos.
347 3839 427 3894 cotia.
456 3839 489 3891 dc
506 3841 630 3900 l'llist-
642 3847 679 3894 lle
696 3839 845 3901 Gauoude,
872 3837 992 3890 Gosselln
1006 3874 1023 3913 Υ,
1042 3836 1168 3888 Bonoaire
1192 3843 1219 3887 et
1230 3839 1353 3898 Mensura
1372 3838 1449 3891 ilaue

223 3945 328 3998 quoque
346 3938 499 4002 opinionem
516 3939 610 4007 ceteris
629 3936 755 4005 praetulit
781 3935 948 3988 clarissimus
965 3939 992 3993 et
1018 3931 1218 3985 eruditissimus
1250 3931 1291 3982 vir
1317 3929 1446 3982 Nicoluus

223 4031 356 4086 Wiseman
372 4069 379 4096 ‚
398 4034 466 4082 nunc
485 4038 512 4086 s.
532 4037 565 4085 u.
586 4039 615 4087 Β.
636 4031 786 4086 Cardinalis
804 4017 989 4097 amplissimus
1009 4036 1036 4082 et
1055 4030 1166 4096 Angliae
1185 4027 1364 4094 Metropolite.
1398 4028 1450 4082 llis

222 4137 308 4177 autem
327 4125 450 4177 omnibus
469 4130 585 4190 praeisse
603 4127 707 4181 videtur
726 4131 759 4179 n.
780 4125 875 4179 Abbbu
904 4127 977 4193 apud
995 4132 1094 4180 Mosam
1124 4122 1317 4177 naimontdem
1345 4125 1394 4191 qui
1413 4123 1449 4175 ad

221 4223 379 4289 principium
396 4224 523 4273 Geneseos
542 4220 696 4274 adnotabat:
716 4240 731 4270 (ι
751 4225 817 4276 nine
836 4223 964 4279 babemus
984 4221 1055 4290 quod
1073 4224 1143 4272 Deus
1162 4219 1348 4279 aediliaaverit
1365 4234 1445 4276 mua·

224 4322 284 4384 dos,
303 4328 329 4371 et
348 4320 408 4372 illos
426 4319 520 4370 iterum
541 4316 711 4372 destruxerit.
732 4336 746 4366 a
