2970 5002
137 322 195 386 lot

135 460 284 521 eoelestia
309 473 442 536 corpora
460 454 734 537 protendebatur,
760 432 913 517 immensa
936 449 991 514 illa
1024 426 1213 517 radiationis
1249 436 1293 513 r'is
1309 466 1340 512 es

137 565 286 627 omnibus
320 564 400 632 coeli
420 564 562 643 partibus
583 563 730 626 tellurem
750 581 860 624 versus
884 577 1090 638 couvergens,
1114 561 1172 622 diu
1197 577 1275 622 sane
1296 577 1337 620 re-

129 672 363 748 frigerationem
385 672 483 749 ipsius
520 671 643 733 telluris
664 686 745 750 quae
767 688 805 729 ex
820 670 938 748 proprii
954 668 1068 730 caloris
1092 667 1269 729 radiatioue
1294 665 1339 727 lle·

132 781 159 840 ri
184 781 363 860 potuisset,
387 782 538 859 impedire
564 797 611 847 ¹ae
632 779 761 840 dillerre
783 779 905 840 debuit.
926 777 1031 838 Placet
1050 776 1105 838 iric
1136 777 1259 838 cursim
1283 774 1338 837 aui-

132 886 353 962 madvertere,
378 905 440 948 non
462 887 602 965 potuisse
624 885 784 948 hominem
799 931 807 961 ,
821 886 847 945 si
870 893 945 947 tune
965 883 1143 962 adfuisset,
1167 882 1232 945 lroe
1268 889 1336 943 tem·

129 1011 191 1073 pus
213 996 373 1072 ignitionis
393 1013 430 1056 ae
451 995 531 1056 lueis
555 995 670 1068 metiri;
695 989 767 1055 luce
787 995 871 1054 enim
886 993 1077 1072 ubicumque
1089 1008 1133 1053 ue⁴
1148 986 1282 1070 semper
1291 989 1337 1052 lul·

131 1114 236 1182 gente,
259 1107 483 1166 deerautvices
499 1105 582 1182 illae,
609 1103 725 1184 quibus
749 1112 875 1182 tempus
899 1102 1067 1179 metimur,
1092 1099 1300 1197 obscuritatis
1316 1104 1338 1158 et

132 1214 227 1277 luelst
248 1215 363 1277 Amisit
395 1215 522 1277 tandem
546 1213 727 1292 superficies
749 1204 907 1285 terrestris
930 1205 1117 1290 temperiem
1138 1209 1233 1271 illam
1257 1208 1336 1269 lumi-

134 1324 208 1386 nosi
227 1324 339 1384 caloris
362 1322 415 1402 (et
430 1323 520 1382 eitius
542 1338 668 1399 quoque
682 1338 752 1382 eam
768 1320 876 1381 amisit
889 1320 1098 1381 circumstans
1111 1319 1256 1396 spatium
1268 1314 1335 1397 quod

135 1430 302 1492 moleculis
323 1432 478 1491 variarum
506 1429 683 1508 specierum
696 1426 910 1507 occupabatur
924 1424 1020 1505 ):'sed
1037 1442 1101 1486 non
1122 1425 1215 1487 illico
1236 1433 1333 1504 putau-

138 1538 215 1598 dum
240 1537 373 1610 videtur,
397 1536 457 1596 diei
479 1535 635 1596 secundae
652 1552 737 1614 epus
761 1534 1068 1596 fuisseinelr-oatum.
1084 1530 1152 1594 llo'e
1169 1534 1256 1593 euim
1276 1549 1334 1610 sup·

136 1644 226 1723 ponit
247 1661 352 1710 veram
374 1650 406 1704 et
428 1644 554 1722 proprie
567 1643 693 1723 dietam,
716 1661 772 1705 seu
796 1641 960 1723 liquidam,
982 1656 1096 1720 uquam
1118 1644 1221 1721 super
1242 1640 1333 1702 laeien
1353 1640 1376 1727 Ἰ

136 1764 238 1811 terrae
263 1752 464 1812 exsistentem
492 1752 560 1830 (vv.
575 1753 604 1812 6.
621 1753 652 1812 7.
666 1751 687 1832 l:
711 1769 793 1832 aqua
815 1766 900 1826 vere,
917 1750 1023 1811 statim
1037 1740 1075 1810 ec'
1095 1749 1252 1828 splendor
1272 1751 1333 1812 lueis

136 1860 272 1919 desierat
293 1859 389 1918 immo
411 1857 513 1919 adhue
535 1858 628 1934 longe
660 1868 782 1937 postea,
811 1855 933 1919 tantum
947 1854 1058 1919 debuit
1072 1856 1212 1918 retinere
1228 1857 1332 1931 caloris,

135 1974 171 2025 ut
189 1963 243 2026 diu
268 1963 422 2042 liquidum
443 1971 559 2024 statum
572 1965 714 2025 obtinere
728 1970 790 2026 non
807 1973 925 2044 posset,
939 1973 1008 2024 esto
1027 1963 1195 2042 probabile
1209 1964 1260 2039 sit,
1274 1979 1331 2041 gra-

135 2073 212 2132 dum
235 2070 323 2133 illum
346 2070 506 2150 temperiei
528 2090 591 2151 quo
617 2090 698 2152 aqua
721 2073 845 2147 ebullit,
859 2071 900 2133 ob
927 2071 1079 2133 maiorem
1109 2072 1334 2151 atmosplraerae

134 2175 341 2257 pressionem,
365 2180 528 2258 aliquanto
549 2181 649 2256 rnagis
672 2197 728 2259 per
751 2181 782 2241 id
808 2190 933 2260 tempus
947 2179 1043 2241 luisse
1058 2180 1233 2241 elevatum.
1246 2179 1329 2256 lgitur

133 2289 196 2349 hoe
219 2288 395 2348 seeundum
417 2289 568 2366 temporis
590 2291 729 2368 spatium
751 2290 944 2350 constituere
965 2289 1069 2367 potuit
1083 2302 1334 2368 vesperamquae

136 2396 307 2458 secundam
330 2399 413 2457 diem
437 2396 485 2457 vel
509 2397 676 2475 periodum
698 2400 876 2459 antecessit.
892 2397 948 2460 Cui
970 2399 1031 2460 lroc
1053 2413 1120 2460 non
1140 2399 1272 2473 arridet,
1294 2411 1336 2474 pu

137 2513 198 2565 test
219 2505 279 2566 hec
301 2506 341 2565 de
363 2522 428 2584 quo
450 2505 610 2585 loquimur
631 2507 834 2569 obscuritatis
858 2516 982 2586 tempus
1005 2507 1047 2570 ita
1068 2506 1287 2581 considerare,
1308 2510 1336 2566 ut

135 2612 341 2674 intervallum
365 2613 492 2694 aliquod
514 2614 596 2672 iuter
617 2616 759 2691 primum
777 2615 1003 2677 sesecundum
1025 2614 1108 2675 diem
1131 2615 1337 2677 interiectum:

136 2737 240 2799 neque
261 2724 346 2783 enim
357 2738 496 2783 neeesse
517 2728 565 2782 est
588 2721 743 2784 mosaicos
758 2723 834 2784 istos
849 2724 918 2784 dies
932 2722 1124 2802 immediate,
1141 2722 1233 2784 nullo
1250 2721 1337 2782 iuter-

133 2829 242 2904 posito
262 2830 412 2908 temporis
437 2831 549 2908 spatio,
571 2830 707 2890 alterum
729 2830 822 2891 alteri
840 2833 1030 2893 successisse
1054 2832 1106 2912 (ἓ.
1133 2830 1175 2892 Xl
1190 2831 1216 2910 l.

176 2935 409 3016 Animadverte,
433 2955 624 3017 magnopere
638 2956 689 2998 me
703 2940 924 3001 commendare
939 2941 1124 3019 sapientiam
1141 2957 1225 3018 quae
1239 2940 1270 3000 in
1285 2953 1341 3000 ver·

135 3046 183 3106 bis
204 3043 297 3108 llosis
317 3049 430 3121 elucet,
446 3065 553 3108 verum
576 3050 615 3109 de
636 3051 703 3110 eius
720 3049 909 3110 naturalium
926 3065 1031 3110 rerum
1046 3050 1176 3110 seientia
1203 3049 1281 3121 nihil
1295 3065 1340 3108 as·

138 3170 254 3214 serere.
268 3153 318 3215 An
340 3156 406 3233 ipse
423 3153 613 3231 intelilgeret
628 3156 775 3235 physicas
789 3158 936 3217 veritates
950 3171 1002 3217 eas
1014 3153 1096 3234 quae
1110 3155 1171 3216 sub
1182 3157 1345 3218 verborum

132 3279 278 3338 suorum*
294 3265 409 3324 cortice
429 3261 567 3325 latebant
588 3282 729 3343 quasque
751 3266 798 3327 sui
823 3267 972 3343 temporis
995 3251 1153 3344 sa'pieutes
1190 3282 1292 3346 aeque
1311 3280 1342 3323 uc

59 3440 66 3450 ι
131 3375 345 3449 posteriorum
369 3374 568 3445 saeculorum
599 3374 804 3450 ignorabant,
829 3391 873 3435 an
893 3390 976 3450 vero,
1010 3375 1086 3435 haee
1111 3382 1145 3436 at
1164 3376 1237 3454 ipse
1259 3362 1359 3453 iguo?

132 3497 218 3554 rans,
256 3479 408 3540 scriberet
430 3489 552 3542 tautum
572 3497 653 3558 quae
675 3481 725 3543 vel
745 3499 784 3542 ex
806 3481 987 3544 immediata
1008 3481 1065 3542 Dei
1087 3481 1281 3545 revelatione
1302 3484 1345 3544 vel

72 3585 76 3592 ’
133 3608 173 3652 ex
192 3590 361 3651 traditione
384 3590 541 3652 maiorum
565 3591 717 3652 divinitus
739 3594 915 3670 a'cceperat3
933 3592 972 3653 de
993 3592 1052 3653 hae
1073 3608 1107 3653 re
1129 3586 1209 3655 nilril
1231 3594 1342 3655 defiui-

130 3711 199 3767 tum
223 3699 438 3765 voloflebraei
454 3706 538 3760 certe
553 3699 635 3761 illius
650 3703 719 3762 aevi
733 3701 912 3763 huiusmodi
928 3702 1072 3762 veritates
1096 3694 1274 3781 intelligere
1288 3722 1346 3765 rron

132 3820 291 3888 poterant,
313 3810 368 3870 sed
394 3819 539 3904 nee'erat
556 3825 702 3870 vnecesse:
720 3813 796 3871 satis
810 3819 877 3871 erat
893 3817 929 3871 ut
943 3811 1116 3871 crederent.
1142 3811 1256 3883 Quoad
1270 3831 1348 3894 opus

133 3939 161 3985 c,
181 3935 218 3994 g.
243 3921 427 3996 priuatum,
453 3919 626 3980 sufiieiebat
649 3919 710 3979 illis
731 3919 876 3993 credere,
915 3930 1112 3999 postrorum
1136 3923 1343 4001 creat-ionem,

132 4032 236 4088 lucem
258 4047 314 4088 seu
337 4008 450 4105 igrreru,
478 4027 541 4090 Dato
562 4028 703 4101 volente,
728 4028 864 4105 fulsisso;
888 4047 989 4109 neque
1011 4031 1090 4090 bane
1112 4012 1218 4092 lucem
1243 4031 1345 4093 Deum

136 4135 246 4214 (quod
268 4137 413 4231 docuisse
437 4141 582 4202 videntur
602 4137 748 4217 Aegyptii
767 4140 780 4189 1
801 4136 833 4216 ),
856 4139 911 4199 sod
939 4138 1164 4201 tantummodo
1183 4137 1241 4202 liei
1266 4153 1352 4219 opus

51 4250 57 4260 '
135 4247 241 4305 luisse.

153 4382 182 4431 '1
200 4385 285 4451 vide,
305 4387 328 4438 si
347 4386 451 4454 placet,
472 4385 583 4440 citatum
601 4389 759 4456 opusculum
777 4390 847 4445 sulla
869 4372 1043 4456 cosmopaeia
1061 4386 1207 4454 unitione·
